<?xml version="1.0" encoding="UTF-8"?>
<!DOCTYPE html PUBLIC "-//W3C//DTD XHTML 1.0 Transitional//EN"
    "http://www.w3.org/TR/xhtml1/DTD/xhtml1-transitional.dtd">
<html xmlns="http://www.w3.org/1999/xhtml" xml:lang="en" lang="en">
 <head>
  <title>
</title>
<meta http-equiv="Content-Type" content="text/html;charset=utf-8" />
  <meta name='ocr-system' content='tesseract 3.04.00' />
  <meta name='ocr-capabilities' content='ocr_page ocr_carea ocr_par ocr_line ocrx_word'/>
</head>
<body>
  <div class='ocr_page' id='page_1' title='image "./polybioutoulykor02poly_0911.png"; bbox 0 0 1961 3454; ppageno 0'>
   <div class='ocr_carea' id='block_1_1' title="bbox 419 135 1662 198">
    <p class='ocr_par' dir='ltr' id='par_1_1' title="bbox 419 135 1662 198">
     <span class='ocr_line' id='line_1_1' title="bbox 419 135 1662 198; baseline 0.001 -16"><span class='ocrx_word' id='word_1_1' title='bbox 419 137 517 182; x_wconf 90' lang='lat' dir='ltr'>IN</span> <span class='ocrx_word' id='word_1_2' title='bbox 586 136 942 184; x_wconf 85' lang='lat' dir='ltr'>AENEAM</span> <span class='ocrx_word' id='word_1_3' title='bbox 1014 135 1372 185; x_wconf 73' lang='lat' dir='ltr'>NOTAE.,</span> <span class='ocrx_word' id='word_1_4' title='bbox 1547 150 1662 198; x_wconf 84' lang='lat'>¹773</span> 
     </span>
    </p>
   </div>
   <div class='ocr_carea' id='block_1_2' title="bbox 58 217 1669 1534">
    <p class='ocr_par' dir='ltr' id='par_1_2' title="bbox 58 217 1669 1534">
     <span class='ocr_line' id='line_1_2' title="bbox 69 217 1669 284; baseline -0.003 -16"><span class='ocrx_word' id='word_1_5' title='bbox 69 224 280 283; x_wconf 55' lang='lat' dir='ltr'>ram‘puto</span> <span class='ocrx_word' id='word_1_6' title='bbox 292 219 523 266; x_wconf 61' lang='lat' dir='ltr'>lectionem</span> <span class='ocrx_word' id='word_1_7' title='bbox 536 222 617 266; x_wconf 79' lang='lat' dir='ltr'>effe</span> <span class='ocrx_word' id='word_1_8' title='bbox 636 238 646 266; x_wconf 78' lang='lat' dir='ltr'>z</span> <span class='ocrx_word' id='word_1_9' title='bbox 663 221 764 284; x_wconf 90' lang='lat' dir='ltr'>quia</span> <span class='ocrx_word' id='word_1_10' title='bbox 775 221 826 266; x_wconf 93' lang='lat' dir='ltr'>de</span> <span class='ocrx_word' id='word_1_11' title='bbox 834 220 1008 283; x_wconf 88' lang='lat' dir='ltr'>epistola</span> <span class='ocrx_word' id='word_1_12' title='bbox 1018 220 1342 284; x_wconf 85' lang='lat' dir='ltr'>intelligendum</span> <span class='ocrx_word' id='word_1_13' title='bbox 1357 217 1669 277; x_wconf 67' lang='grc' dir='ltr'>σωὴκμαπκᾶς</span> 
     </span>
     <span class='ocr_line' id='line_1_3' title="bbox 69 287 1667 350; baseline -0.001 -16"><span class='ocrx_word' id='word_1_14' title='bbox 69 287 248 348; x_wconf 85' lang='lat' dir='ltr'>scripta:</span> <span class='ocrx_word' id='word_1_15' title='bbox 266 302 353 332; x_wconf 90' lang='lat' dir='ltr'>non</span> <span class='ocrx_word' id='word_1_16' title='bbox 366 287 418 332; x_wconf 88' lang='lat' dir='ltr'>de</span> <span class='ocrx_word' id='word_1_17' title='bbox 437 287 565 332; x_wconf 76' lang='lat' dir='ltr'>literis</span> <span class='ocrx_word' id='word_1_18' title='bbox 586 304 689 334; x_wconf 89' lang='lat' dir='ltr'>cum</span> <span class='ocrx_word' id='word_1_19' title='bbox 711 288 858 334; x_wconf 78' lang='lat' dir='ltr'>tess‘era</span> <span class='ocrx_word' id='word_1_20' title='bbox 871 288 1094 348; x_wconf 85' lang='lat' dir='ltr'>separatim</span> <span class='ocrx_word' id='word_1_21' title='bbox 1111 287 1265 333; x_wconf 77' lang='lat' dir='ltr'>mistis:</span> <span class='ocrx_word' id='word_1_22' title='bbox 1292 287 1410 350; x_wconf 89' lang='lat' dir='ltr'>quod</span> <span class='ocrx_word' id='word_1_23' title='bbox 1423 289 1482 332; x_wconf 88' lang='lat' dir='ltr'>est</span> <span class='ocrx_word' id='word_1_24' title='bbox 1496 287 1667 333; x_wconf 86' lang='lat' dir='ltr'>institu-</span> 
     </span>
     <span class='ocr_line' id='line_1_4' title="bbox 69 352 1665 415; baseline -0.001 -16"><span class='ocrx_word' id='word_1_25' title='bbox 69 365 169 399; x_wconf 88' lang='lat' dir='ltr'>tum</span> <span class='ocrx_word' id='word_1_26' title='bbox 198 354 311 399; x_wconf 90' lang='lat' dir='ltr'>aliud</span> <span class='ocrx_word' id='word_1_27' title='bbox 334 357 375 400; x_wconf 73' lang='grc' dir='ltr'>ὃ(</span> <span class='ocrx_word' id='word_1_28' title='bbox 399 352 612 400; x_wconf 83' lang='lat' dir='ltr'>diversum</span> <span class='ocrx_word' id='word_1_29' title='bbox 630 386 641 404; x_wconf 94' lang='lat'>‚</span> <span class='ocrx_word' id='word_1_30' title='bbox 665 355 874 400; x_wconf 86' lang='lat' dir='ltr'>veteribus</span> <span class='ocrx_word' id='word_1_31' title='bbox 895 355 1049 415; x_wconf 89' lang='lat' dir='ltr'>pariter</span> <span class='ocrx_word' id='word_1_32' title='bbox 1071 354 1340 415; x_wconf 85' lang='lat' dir='ltr'>usurpatum.</span> <span class='ocrx_word' id='word_1_33' title='bbox 1389 353 1534 399; x_wconf 70' lang='lat' dir='ltr'>Livius</span> <span class='ocrx_word' id='word_1_34' title='bbox 1555 353 1665 399; x_wconf 90' lang='lat' dir='ltr'>libro</span> 
     </span>
     <span class='ocr_line' id='line_1_5' title="bbox 66 419 1665 483; baseline 0.001 -18"><span class='ocrx_word' id='word_1_35' title='bbox 66 435 153 465; x_wconf 78' lang='lat' dir='ltr'>xxx</span> <span class='ocrx_word' id='word_1_36' title='bbox 167 436 180 464; x_wconf 83' lang='grc' dir='ltr'>ι</span> <span class='ocrx_word' id='word_1_37' title='bbox 192 436 216 466; x_wconf 91' lang='lat' dir='ltr'>v</span> <span class='ocrx_word' id='word_1_38' title='bbox 229 420 282 465; x_wconf 88' lang='lat' dir='ltr'>de</span> <span class='ocrx_word' id='word_1_39' title='bbox 294 420 544 466; x_wconf 76' lang='lat' dir='ltr'>Hannibale:</span> <span class='ocrx_word' id='word_1_40' title='bbox 562 419 807 476; x_wconf 65' lang='lat' dir='ltr'>Aristonem</span> <span class='ocrx_word' id='word_1_41' title='bbox 821 425 1018 481; x_wconf 66' lang='lat' dir='ltr'>Tyrium,</span> <span class='ocrx_word' id='word_1_42' title='bbox 1028 420 1173 465; x_wconf 63' lang='lat' dir='ltr'>nac‘hus</span> <span class='ocrx_word' id='word_1_43' title='bbox 1186 419 1349 483; x_wconf 73' lang='lat' dir='ltr'>Ephesi,</span> <span class='ocrx_word' id='word_1_44' title='bbox 1365 419 1665 482; x_wconf 83' lang='lat' dir='ltr'>carthaginem</span> 
     </span>
     <span class='ocr_line' id='line_1_6' title="bbox 63 484 1656 549; baseline -0.001 -17"><span class='ocrx_word' id='word_1_45' title='bbox 63 502 161 532; x_wconf 86' lang='lat' dir='ltr'>cum</span> <span class='ocrx_word' id='word_1_46' title='bbox 173 487 386 532; x_wconf 80' lang='lat' dir='ltr'>mandatis</span> <span class='ocrx_word' id='word_1_47' title='bbox 399 490 556 537; x_wconf 84' lang='lat' dir='ltr'>mittit,</span> <span class='ocrx_word' id='word_1_48' title='bbox 578 486 840 533; x_wconf 74' lang='lat' dir='ltr'>editnomina</span> <span class='ocrx_word' id='word_1_49' title='bbox 854 502 1012 537; x_wconf 79' lang='lat' dir='ltr'>eorum,</span> <span class='ocrx_word' id='word_1_50' title='bbox 1023 484 1175 549; x_wconf 74' lang='lat' dir='ltr'>quibus</span> <span class='ocrx_word' id='word_1_51' title='bbox 1191 490 1410 533; x_wconf 76' lang='lat' dir='ltr'>conventis</span> <span class='ocrx_word' id='word_1_52' title='bbox 1423 497 1525 548; x_wconf 84' lang='lat' dir='ltr'>opus</span> <span class='ocrx_word' id='word_1_53' title='bbox 1538 488 1656 548; x_wconf 81' lang='lat' dir='ltr'>effet:</span> 
     </span>
     <span class='ocr_line' id='line_1_7' title="bbox 68 549 1660 616; baseline -0.001 -17"><span class='ocrx_word' id='word_1_54' title='bbox 68 549 242 613; x_wconf 77' lang='lat' dir='ltr'>instruit</span> <span class='ocrx_word' id='word_1_55' title='bbox 254 552 569 615; x_wconf 82' lang='lat' dir='ltr'>etiamsecretis</span> <span class='ocrx_word' id='word_1_56' title='bbox 582 558 777 616; x_wconf 82' lang='lat' dir='ltr'>notisper</span> <span class='ocrx_word' id='word_1_57' title='bbox 791 569 895 616; x_wconf 78' lang='lat' dir='ltr'>quas</span> <span class='ocrx_word' id='word_1_58' title='bbox 905 554 1017 598; x_wconf 82' lang='lat' dir='ltr'>haud</span> <span class='ocrx_word' id='word_1_59' title='bbox 1031 552 1156 598; x_wconf 77' lang='lat' dir='ltr'>dubie</span> <span class='ocrx_word' id='word_1_60' title='bbox 1170 551 1527 615; x_wconf 76' lang='lat' dir='ltr'>agnoscerentsuae</span> <span class='ocrx_word' id='word_1_61' title='bbox 1542 569 1660 598; x_wconf 86' lang='lat' dir='ltr'>man-</span> 
     </span>
     <span class='ocr_line' id='line_1_8' title="bbox 66 618 1665 681; baseline 0.001 -18"><span class='ocrx_word' id='word_1_62' title='bbox 66 619 172 664; x_wconf 80' lang='lat' dir='ltr'>data</span> <span class='ocrx_word' id='word_1_63' title='bbox 188 621 371 681; x_wconf 79' lang='lat' dir='ltr'>effenon</span> <span class='ocrx_word' id='word_1_64' title='bbox 388 619 490 664; x_wconf 88' lang='lat' dir='ltr'>dicit</span> <span class='ocrx_word' id='word_1_65' title='bbox 503 618 645 664; x_wconf 73' lang='lat' dir='ltr'>Liviu&lt;</span> <span class='ocrx_word' id='word_1_66' title='bbox 661 619 817 665; x_wconf 85' lang='lat' dir='ltr'>dediffe</span> <span class='ocrx_word' id='word_1_67' title='bbox 830 619 1117 664; x_wconf 86' lang='lat' dir='ltr'>Hannibalem</span> <span class='ocrx_word' id='word_1_68' title='bbox 1134 619 1318 665; x_wconf 82' lang='lat' dir='ltr'>Aristoni</span> <span class='ocrx_word' id='word_1_69' title='bbox 1333 618 1665 681; x_wconf 86' lang='lat' dir='ltr'>synthematicas</span> 
     </span>
     <span class='ocr_line' id='line_1_9' title="bbox 65 682 1662 746; baseline 0.003 -17"><span class='ocrx_word' id='word_1_70' title='bbox 65 683 219 735; x_wconf 83' lang='lat' dir='ltr'>literas,</span> <span class='ocrx_word' id='word_1_71' title='bbox 234 684 301 731; x_wconf 88' lang='lat' dir='ltr'>sed</span> <span class='ocrx_word' id='word_1_72' title='bbox 318 682 561 739; x_wconf 62' lang='grc' dir='ltr'>σιωῖήμοιτικ</span> <span class='ocrx_word' id='word_1_73' title='bbox 576 683 608 729; x_wconf 49' lang='grc' dir='ltr'>Ε*</span> <span class='ocrx_word' id='word_1_74' title='bbox 618 683 844 744; x_wconf 54' lang='grc' dir='ltr'>κάμματα</span> <span class='ocrx_word' id='word_1_75' title='bbox 856 717 868 736; x_wconf 85' lang='grc'>,</span> <span class='ocrx_word' id='word_1_76' title='bbox 884 685 1055 731; x_wconf 89' lang='lat' dir='ltr'>secretas</span> <span class='ocrx_word' id='word_1_77' title='bbox 1065 696 1181 731; x_wconf 88' lang='lat' dir='ltr'>notas</span> <span class='ocrx_word' id='word_1_78' title='bbox 1194 688 1235 732; x_wconf 84' lang='lat'>&amp;</span> <span class='ocrx_word' id='word_1_79' title='bbox 1248 684 1450 746; x_wconf 75' lang='lat' dir='ltr'>epistolas,</span> <span class='ocrx_word' id='word_1_80' title='bbox 1488 685 1662 733; x_wconf 80' lang='lat' dir='ltr'>Possunt</span> 
     </span>
     <span class='ocr_line' id='line_1_10' title="bbox 67 749 1666 813; baseline 0.001 -17"><span class='ocrx_word' id='word_1_81' title='bbox 67 750 262 812; x_wconf 86' lang='lat' dir='ltr'>appellari</span> <span class='ocrx_word' id='word_1_82' title='bbox 278 750 304 796; x_wconf 91' lang='lat' dir='ltr'>s</span> <span class='ocrx_word' id='word_1_83' title='bbox 296 749 602 813; x_wconf 77' lang='lat' dir='ltr'>ynthematicae</span> <span class='ocrx_word' id='word_1_84' title='bbox 613 752 745 797; x_wconf 88' lang='lat' dir='ltr'>etiam</span> <span class='ocrx_word' id='word_1_85' title='bbox 760 752 838 797; x_wconf 88' lang='lat' dir='ltr'>illae</span> <span class='ocrx_word' id='word_1_86' title='bbox 849 752 1046 813; x_wconf 65' lang='lat' dir='ltr'>epistolae,</span> <span class='ocrx_word' id='word_1_87' title='bbox 1060 767 1116 813; x_wconf 91' lang='lat' dir='ltr'>qu</span> <span class='ocrx_word' id='word_1_88' title='bbox 1123 766 1245 797; x_wconf 88' lang='lat' dir='ltr'>arum</span> <span class='ocrx_word' id='word_1_89' title='bbox 1261 752 1368 797; x_wconf 88' lang='lat' dir='ltr'>inter</span> <span class='ocrx_word' id='word_1_90' title='bbox 1377 767 1564 813; x_wconf 86' lang='lat' dir='ltr'>proceres</span> <span class='ocrx_word' id='word_1_91' title='bbox 1575 754 1666 799; x_wconf 89' lang='lat' dir='ltr'>Ro·</span> 
     </span>
     <span class='ocr_line' id='line_1_11' title="bbox 67 817 1663 880; baseline -0.001 -16"><span class='ocrx_word' id='word_1_92' title='bbox 67 833 221 864; x_wconf 82' lang='lat' dir='ltr'>manos</span> <span class='ocrx_word' id='word_1_93' title='bbox 236 817 318 862; x_wconf 86' lang='lat' dir='ltr'>fuit</span> <span class='ocrx_word' id='word_1_94' title='bbox 333 817 426 864; x_wconf 86' lang='lat' dir='ltr'>usus</span> <span class='ocrx_word' id='word_1_95' title='bbox 451 817 493 862; x_wconf 89' lang='lat' dir='ltr'>in</span> <span class='ocrx_word' id='word_1_96' title='bbox 517 818 899 865; x_wconf 85' lang='lat' dir='ltr'>commendatione</span> <span class='ocrx_word' id='word_1_97' title='bbox 922 820 1181 864; x_wconf 84' lang='lat' dir='ltr'>amicorum.</span> <span class='ocrx_word' id='word_1_98' title='bbox 1215 833 1318 864; x_wconf 87' lang='lat' dir='ltr'>nam</span> <span class='ocrx_word' id='word_1_99' title='bbox 1339 834 1479 880; x_wconf 92' lang='lat' dir='ltr'>quum</span> <span class='ocrx_word' id='word_1_100' title='bbox 1494 831 1663 880; x_wconf 85' lang='lat' dir='ltr'>propter</span> 
     </span>
     <span class='ocr_line' id='line_1_12' title="bbox 66 883 1665 948; baseline 0.002 -19"><span class='ocrx_word' id='word_1_101' title='bbox 66 884 357 930; x_wconf 79' lang='lat' dir='ltr'>ambitionem</span> <span class='ocrx_word' id='word_1_102' title='bbox 383 883 502 929; x_wconf 88' lang='lat' dir='ltr'>suam</span> <span class='ocrx_word' id='word_1_103' title='bbox 527 884 689 931; x_wconf 86' lang='lat' dir='ltr'>multos</span> <span class='ocrx_word' id='word_1_104' title='bbox 714 884 911 948; x_wconf 78' lang='lat' dir='ltr'>quotidie</span> <span class='ocrx_word' id='word_1_105' title='bbox 932 885 1083 931; x_wconf 86' lang='lat' dir='ltr'>amicis</span> <span class='ocrx_word' id='word_1_106' title='bbox 1112 886 1347 946; x_wconf 88' lang='lat' dir='ltr'>provincias</span> <span class='ocrx_word' id='word_1_107' title='bbox 1371 884 1665 932; x_wconf 87' lang='lat' dir='ltr'>obtinentibus</span> 
     </span>
     <span class='ocr_line' id='line_1_13' title="bbox 63 950 1665 1014; baseline 0.001 -17"><span class='ocrx_word' id='word_1_108' title='bbox 63 962 320 1014; x_wconf 85' lang='lat' dir='ltr'>cogerentur</span> <span class='ocrx_word' id='word_1_109' title='bbox 342 950 654 997; x_wconf 87' lang='lat' dir='ltr'>commendare</span> <span class='ocrx_word' id='word_1_110' title='bbox 668 985 678 1002; x_wconf 93' lang='lat'>,</span> <span class='ocrx_word' id='word_1_111' title='bbox 702 967 749 997; x_wconf 90' lang='lat' dir='ltr'>ac</span> <span class='ocrx_word' id='word_1_112' title='bbox 773 951 877 1013; x_wconf 86' lang='lat' dir='ltr'>saepe</span> <span class='ocrx_word' id='word_1_113' title='bbox 889 952 1022 998; x_wconf 85' lang='lat' dir='ltr'>etiam</span> <span class='ocrx_word' id='word_1_114' title='bbox 1038 951 1109 997; x_wconf 85' lang='lat' dir='ltr'>vix</span> <span class='ocrx_word' id='word_1_115' title='bbox 1122 951 1198 997; x_wconf 90' lang='lat' dir='ltr'>fibi</span> <span class='ocrx_word' id='word_1_116' title='bbox 1213 951 1361 998; x_wconf 88' lang='lat' dir='ltr'>leviter</span> <span class='ocrx_word' id='word_1_117' title='bbox 1371 963 1493 997; x_wconf 85' lang='lat' dir='ltr'>notos</span> <span class='ocrx_word' id='word_1_118' title='bbox 1510 971 1523 1005; x_wconf 79' lang='lat'>5</span> <span class='ocrx_word' id='word_1_119' title='bbox 1544 950 1665 999; x_wconf 85' lang='lat' dir='ltr'>serias</span> 
     </span>
     <span class='ocr_line' id='line_1_14' title="bbox 63 1015 1664 1081; baseline 0 -17"><span class='ocrx_word' id='word_1_120' title='bbox 63 1017 463 1064; x_wconf 86' lang='lat' dir='ltr'>commendationes</span> <span class='ocrx_word' id='word_1_121' title='bbox 486 1015 509 1062; x_wconf 76' lang='lat' dir='ltr'>a</span> <span class='ocrx_word' id='word_1_122' title='bbox 539 1017 835 1079; x_wconf 67' lang='lat' dir='ltr'>perfunstoriis</span> <span class='ocrx_word' id='word_1_123' title='bbox 857 1017 1173 1081; x_wconf 85' lang='lat' dir='ltr'>distinguebant</span> <span class='ocrx_word' id='word_1_124' title='bbox 1198 1050 1210 1069; x_wconf 90' lang='lat'><strong>,</strong></span> <span class='ocrx_word' id='word_1_125' title='bbox 1232 1030 1333 1064; x_wconf 87' lang='lat' dir='ltr'>nota</span> <span class='ocrx_word' id='word_1_126' title='bbox 1357 1018 1544 1079; x_wconf 89' lang='lat' dir='ltr'>appofita</span> <span class='ocrx_word' id='word_1_127' title='bbox 1566 1034 1664 1081; x_wconf 87' lang='lat' dir='ltr'>quae</span> 
     </span>
     <span class='ocr_line' id='line_1_15' title="bbox 62 1084 1662 1147; baseline 0.001 -17"><span class='ocrx_word' id='word_1_128' title='bbox 62 1097 335 1130; x_wconf 86' lang='lat' dir='ltr'>convenerat.</span> <span class='ocrx_word' id='word_1_129' title='bbox 371 1085 524 1130; x_wconf 86' lang='lat' dir='ltr'>Cicero</span> <span class='ocrx_word' id='word_1_130' title='bbox 539 1085 588 1128; x_wconf 86' lang='lat' dir='ltr'>ad</span> <span class='ocrx_word' id='word_1_131' title='bbox 616 1088 675 1143; x_wconf 89' lang='lat' dir='ltr'>Q.</span> <span class='ocrx_word' id='word_1_132' title='bbox 702 1084 921 1131; x_wconf 89' lang='lat' dir='ltr'>Valerium</span> <span class='ocrx_word' id='word_1_133' title='bbox 941 1087 1131 1132; x_wconf 85' lang='lat' dir='ltr'>Orcam:</span> <span class='ocrx_word' id='word_1_134' title='bbox 1157 1084 1461 1147; x_wconf 77' lang='lat' dir='ltr'>Cuspianorum</span> <span class='ocrx_word' id='word_1_135' title='bbox 1477 1089 1662 1131; x_wconf 85' lang='lat' dir='ltr'>omnium</span> 
     </span>
     <span class='ocr_line' id='line_1_16' title="bbox 59 1149 1664 1214; baseline -0.001 -16"><span class='ocrx_word' id='word_1_136' title='bbox 59 1152 442 1199; x_wconf 78' lang='lat' dir='ltr'>commendationis</span> <span class='ocrx_word' id='word_1_137' title='bbox 467 1153 650 1212; x_wconf 82' lang='lat' dir='ltr'>cauffam</span> <span class='ocrx_word' id='word_1_138' title='bbox 664 1151 740 1198; x_wconf 80' lang='lat' dir='ltr'>hac</span> <span class='ocrx_word' id='word_1_139' title='bbox 755 1152 837 1197; x_wconf 83' lang='lat' dir='ltr'>tihi</span> <span class='ocrx_word' id='word_1_140' title='bbox 851 1149 1023 1214; x_wconf 80' lang='lat' dir='ltr'>epistola</span> <span class='ocrx_word' id='word_1_141' title='bbox 1034 1153 1319 1213; x_wconf 79' lang='lat' dir='ltr'>exponendam</span> <span class='ocrx_word' id='word_1_142' title='bbox 1333 1155 1504 1214; x_wconf 81' lang='lat' dir='ltr'>putavi.</span> <span class='ocrx_word' id='word_1_143' title='bbox 1561 1150 1664 1198; x_wconf 86' lang='lat' dir='ltr'>reli·</span> 
     </span>
     <span class='ocr_line' id='line_1_17' title="bbox 59 1216 1662 1282; baseline 0 -19"><span class='ocrx_word' id='word_1_144' title='bbox 59 1222 160 1282; x_wconf 81' lang='lat' dir='ltr'>quis</span> <span class='ocrx_word' id='word_1_145' title='bbox 175 1216 359 1280; x_wconf 80' lang='lat' dir='ltr'>epistolis</span> <span class='ocrx_word' id='word_1_146' title='bbox 373 1219 730 1277; x_wconf 68' lang='lat' dir='ltr'>tantumfizciam,</span> <span class='ocrx_word' id='word_1_147' title='bbox 744 1232 791 1263; x_wconf 80' lang='lat' dir='ltr'>ut</span> <span class='ocrx_word' id='word_1_148' title='bbox 801 1232 944 1264; x_wconf 80' lang='lat' dir='ltr'>notam</span> <span class='ocrx_word' id='word_1_149' title='bbox 958 1229 1168 1281; x_wconf 77' lang='lat' dir='ltr'>apponam</span> <span class='ocrx_word' id='word_1_150' title='bbox 1182 1234 1290 1267; x_wconf 80' lang='lat' dir='ltr'>eam,</span> <span class='ocrx_word' id='word_1_151' title='bbox 1304 1234 1391 1281; x_wconf 85' lang='lat' dir='ltr'>quae</span> <span class='ocrx_word' id='word_1_152' title='bbox 1410 1218 1662 1264; x_wconf 78' lang='lat' dir='ltr'>mihitecum</span> 
     </span>
     <span class='ocr_line' id='line_1_18' title="bbox 58 1284 1658 1347; baseline -0.001 -17"><span class='ocrx_word' id='word_1_153' title='bbox 58 1288 260 1331; x_wconf 80' lang='lat' dir='ltr'>conuenit</span> <span class='ocrx_word' id='word_1_154' title='bbox 276 1318 285 1334; x_wconf 95' lang='lat'>‚</span> <span class='ocrx_word' id='word_1_155' title='bbox 306 1297 361 1329; x_wconf 57' lang='grc' dir='ltr'>(φ’</span> <span class='ocrx_word' id='word_1_156' title='bbox 375 1285 744 1346; x_wconf 63' lang='lat' dir='ltr'>fi‘mulfignificem</span> <span class='ocrx_word' id='word_1_157' title='bbox 758 1285 805 1330; x_wconf 77' lang='lat' dir='ltr'>de</span> <span class='ocrx_word' id='word_1_158' title='bbox 818 1302 987 1331; x_wconf 81' lang='lat' dir='ltr'>numero</span> <span class='ocrx_word' id='word_1_159' title='bbox 1006 1286 1083 1345; x_wconf 81' lang='lat' dir='ltr'>effe</span> <span class='ocrx_word' id='word_1_160' title='bbox 1096 1284 1493 1347; x_wconf 81' lang='lat' dir='ltr'>Cuspiiamicorum.</span> <span class='ocrx_word' id='word_1_161' title='bbox 1528 1298 1658 1347; x_wconf 87' lang='lat' dir='ltr'>atque</span> 
     </span>
     <span class='ocr_line' id='line_1_19' title="bbox 61 1350 1663 1414; baseline 0.001 -18"><span class='ocrx_word' id='word_1_162' title='bbox 61 1350 110 1396; x_wconf 88' lang='lat' dir='ltr'>in</span> <span class='ocrx_word' id='word_1_163' title='bbox 124 1350 240 1396; x_wconf 90' lang='lat' dir='ltr'>hunc</span> <span class='ocrx_word' id='word_1_164' title='bbox 253 1350 376 1396; x_wconf 88' lang='lat' dir='ltr'>usum</span> <span class='ocrx_word' id='word_1_165' title='bbox 394 1350 531 1411; x_wconf 86' lang='lat' dir='ltr'>plures</span> <span class='ocrx_word' id='word_1_166' title='bbox 556 1350 678 1396; x_wconf 84' lang='lat' dir='ltr'>fuiffe</span> <span class='ocrx_word' id='word_1_167' title='bbox 702 1364 819 1396; x_wconf 85' lang='lat' dir='ltr'>notas</span> <span class='ocrx_word' id='word_1_168' title='bbox 831 1352 1042 1414; x_wconf 86' lang='lat' dir='ltr'>usurpatas</span> <span class='ocrx_word' id='word_1_169' title='bbox 1056 1386 1066 1402; x_wconf 96' lang='lat'><em>‚</em></span> <span class='ocrx_word' id='word_1_170' title='bbox 1086 1367 1162 1412; x_wconf 90' lang='lat' dir='ltr'>pro</span> <span class='ocrx_word' id='word_1_171' title='bbox 1183 1350 1347 1397; x_wconf 90' lang='lat' dir='ltr'>diverso</span> <span class='ocrx_word' id='word_1_172' title='bbox 1376 1351 1510 1413; x_wconf 87' lang='lat' dir='ltr'>gradu</span> <span class='ocrx_word' id='word_1_173' title='bbox 1527 1364 1663 1413; x_wconf 89' lang='lat' dir='ltr'>quem</span> 
     </span>
     <span class='ocr_line' id='line_1_20' title="bbox 60 1417 1669 1478; baseline 0 -15"><span class='ocrx_word' id='word_1_174' title='bbox 60 1417 108 1463; x_wconf 81' lang='lat' dir='ltr'>in</span> <span class='ocrx_word' id='word_1_175' title='bbox 122 1417 311 1463; x_wconf 83' lang='lat' dir='ltr'>amicitia</span> <span class='ocrx_word' id='word_1_176' title='bbox 326 1417 672 1463; x_wconf 85' lang='lat' dir='ltr'>commendantis</span> <span class='ocrx_word' id='word_1_177' title='bbox 690 1417 910 1463; x_wconf 89' lang='lat' dir='ltr'>obtinebat</span> <span class='ocrx_word' id='word_1_178' title='bbox 930 1418 1259 1464; x_wconf 75' lang='lat' dir='ltr'>commendatus</span> <span class='ocrx_word' id='word_1_179' title='bbox 1273 1448 1284 1467; x_wconf 83' lang='grc'>,.</span> <span class='ocrx_word' id='word_1_180' title='bbox 1305 1417 1483 1463; x_wconf 85' lang='lat' dir='ltr'>declarat</span> <span class='ocrx_word' id='word_1_181' title='bbox 1497 1433 1669 1478; x_wconf 87' lang='lat' dir='ltr'>prover-</span> 
     </span>
     <span class='ocr_line' id='line_1_21' title="bbox 59 1483 1667 1534; baseline 0 -5"><span class='ocrx_word' id='word_1_182' title='bbox 59 1483 188 1530; x_wconf 90' lang='lat' dir='ltr'>bium</span> <span class='ocrx_word' id='word_1_183' title='bbox 214 1515 225 1534; x_wconf 90' lang='lat'>,</span> <span class='ocrx_word' id='word_1_184' title='bbox 247 1485 296 1530; x_wconf 83' lang='lat' dir='ltr'>de</span> <span class='ocrx_word' id='word_1_185' title='bbox 310 1484 484 1531; x_wconf 84' lang='lat' dir='ltr'>meliore</span> <span class='ocrx_word' id='word_1_186' title='bbox 498 1498 597 1529; x_wconf 80' lang='lat' dir='ltr'>nota</span> <span class='ocrx_word' id='word_1_187' title='bbox 617 1485 918 1530; x_wconf 79' lang='lat' dir='ltr'>commendare.</span> <span class='ocrx_word' id='word_1_188' title='bbox 954 1483 1084 1529; x_wconf 77' lang='lat' dir='ltr'>Porro</span> <span class='ocrx_word' id='word_1_189' title='bbox 1097 1496 1143 1530; x_wconf 92' lang='lat' dir='ltr'>ut</span> <span class='ocrx_word' id='word_1_190' title='bbox 1157 1483 1201 1530; x_wconf 76' lang='lat' dir='ltr'>In</span> <span class='ocrx_word' id='word_1_191' title='bbox 1221 1483 1378 1530; x_wconf 82' lang='lat' dir='ltr'>caeteris</span> <span class='ocrx_word' id='word_1_192' title='bbox 1389 1483 1592 1529; x_wconf 90' lang='lat' dir='ltr'>omnibus</span> <span class='ocrx_word' id='word_1_193' title='bbox 1605 1501 1667 1529; x_wconf 89' lang='lat' dir='ltr'>re·</span> 
     </span>
    </p>
   </div>
   <div class='ocr_carea' id='block_1_3' title="bbox 0 1549 1667 2015">
    <p class='ocr_par' dir='ltr' id='par_1_3' title="bbox 0 1549 1667 2015">
     <span class='ocr_line' id='line_1_22' title="bbox 0 1549 1666 1614; baseline -0.001 -18"><span class='ocrx_word' id='word_1_194' title='bbox 0 1584 1 1592; x_wconf 44' lang='lat' dir='ltr'>i</span> <span class='ocrx_word' id='word_1_195' title='bbox 58 1549 164 1601; x_wconf 86' lang='lat' dir='ltr'>bus,</span> <span class='ocrx_word' id='word_1_196' title='bbox 190 1551 248 1597; x_wconf 84' lang='lat' dir='ltr'>ita</span> <span class='ocrx_word' id='word_1_197' title='bbox 271 1551 315 1597; x_wconf 89' lang='lat' dir='ltr'>in</span> <span class='ocrx_word' id='word_1_198' title='bbox 341 1550 567 1612; x_wconf 84' lang='lat' dir='ltr'>scriptione</span> <span class='ocrx_word' id='word_1_199' title='bbox 608 1550 1021 1614; x_wconf 86' lang='lat' dir='ltr'>synthematicarum</span> <span class='ocrx_word' id='word_1_200' title='bbox 1047 1550 1321 1612; x_wconf 88' lang='lat' dir='ltr'>epistolarum</span> <span class='ocrx_word' id='word_1_201' title='bbox 1348 1550 1574 1611; x_wconf 87' lang='lat' dir='ltr'>posteriora</span> <span class='ocrx_word' id='word_1_202' title='bbox 1594 1550 1666 1595; x_wconf 84' lang='lat' dir='ltr'>sae-</span> 
     </span>
     <span class='ocr_line' id='line_1_23' title="bbox 0 1615 1667 1679; baseline -0.001 -16"><span class='ocrx_word' id='word_1_203' title='bbox 0 1651 1 1666; x_wconf 42' lang='lat' dir='ltr'>i</span> <span class='ocrx_word' id='word_1_204' title='bbox 57 1617 155 1664; x_wconf 87' lang='lat' dir='ltr'>cula</span> <span class='ocrx_word' id='word_1_205' title='bbox 175 1619 280 1664; x_wconf 89' lang='lat' dir='ltr'>adeo</span> <span class='ocrx_word' id='word_1_206' title='bbox 303 1618 573 1679; x_wconf 87' lang='lat' dir='ltr'>profecerunt</span> <span class='ocrx_word' id='word_1_207' title='bbox 588 1650 600 1668; x_wconf 88' lang='lat'><em>‚</em></span> <span class='ocrx_word' id='word_1_208' title='bbox 628 1631 675 1663; x_wconf 93' lang='lat' dir='ltr'>ut</span> <span class='ocrx_word' id='word_1_209' title='bbox 699 1618 837 1663; x_wconf 83' lang='lat' dir='ltr'>multa</span> <span class='ocrx_word' id='word_1_210' title='bbox 851 1615 1242 1664; x_wconf 75' lang='lat' dir='ltr'>velesubtilisfimis</span> <span class='ocrx_word' id='word_1_211' title='bbox 1264 1629 1457 1664; x_wconf 90' lang='lat' dir='ltr'>veterum</span> <span class='ocrx_word' id='word_1_212' title='bbox 1484 1617 1667 1663; x_wconf 88' lang='lat' dir='ltr'>inventis</span> 
     </span>
     <span class='ocr_line' id='line_1_24' title="bbox 0 1682 1664 1747; baseline -0.001 -16"><span class='ocrx_word' id='word_1_213' title='bbox 0 1682 2 1738; x_wconf 64' lang='grc' dir='ltr'>ἶ</span> <span class='ocrx_word' id='word_1_214' title='bbox 56 1685 113 1731; x_wconf 79' lang='lat' dir='ltr'>ad</span> <span class='ocrx_word' id='word_1_215' title='bbox 128 1684 346 1730; x_wconf 91' lang='lat' dir='ltr'>literarum</span> <span class='ocrx_word' id='word_1_216' title='bbox 375 1684 557 1747; x_wconf 85' lang='lat' dir='ltr'>tegenda</span> <span class='ocrx_word' id='word_1_217' title='bbox 581 1699 729 1730; x_wconf 86' lang='lat' dir='ltr'>arcana</span> <span class='ocrx_word' id='word_1_218' title='bbox 744 1715 755 1734; x_wconf 89' lang='lat'>‚</span> <span class='ocrx_word' id='word_1_219' title='bbox 780 1700 882 1730; x_wconf 89' lang='lat' dir='ltr'>cum</span> <span class='ocrx_word' id='word_1_220' title='bbox 906 1683 1217 1730; x_wconf 88' lang='lat' dir='ltr'>hodiernorum</span> <span class='ocrx_word' id='word_1_221' title='bbox 1240 1683 1521 1729; x_wconf 80' lang='lat' dir='ltr'>politicorum</span> <span class='ocrx_word' id='word_1_222' title='bbox 1536 1684 1664 1730; x_wconf 86' lang='lat' dir='ltr'>ratio·</span> 
     </span>
     <span class='ocr_line' id='line_1_25' title="bbox 2 1750 1665 1813; baseline -0.002 -15"><span class='ocrx_word' id='word_1_223' title='bbox 2 1771 3 1801; x_wconf 78' lang='grc'>;</span> <span class='ocrx_word' id='word_1_224' title='bbox 59 1751 187 1798; x_wconf 88' lang='lat' dir='ltr'>nibus</span> <span class='ocrx_word' id='word_1_225' title='bbox 201 1751 381 1813; x_wconf 81' lang='lat' dir='ltr'>mystice</span> <span class='ocrx_word' id='word_1_226' title='bbox 407 1751 615 1797; x_wconf 86' lang='lat' dir='ltr'>scribendi</span> <span class='ocrx_word' id='word_1_227' title='bbox 638 1751 785 1797; x_wconf 82' lang='lat' dir='ltr'>collata</span> <span class='ocrx_word' id='word_1_228' title='bbox 802 1785 813 1802; x_wconf 95' lang='lat'><strong><em>,</em></strong></span> <span class='ocrx_word' id='word_1_229' title='bbox 828 1752 952 1812; x_wconf 88' lang='lat' dir='ltr'>jocus</span> <span class='ocrx_word' id='word_1_230' title='bbox 964 1750 1129 1798; x_wconf 86' lang='lat' dir='ltr'>&amp;lusus</span> <span class='ocrx_word' id='word_1_231' title='bbox 1147 1750 1315 1812; x_wconf 85' lang='lat' dir='ltr'>puerilis</span> <span class='ocrx_word' id='word_1_232' title='bbox 1334 1762 1494 1812; x_wconf 83' lang='lat' dir='ltr'>queant</span> <span class='ocrx_word' id='word_1_233' title='bbox 1513 1750 1665 1796; x_wconf 85' lang='lat' dir='ltr'>videri.</span> 
     </span>
     <span class='ocr_line' id='line_1_26' title="bbox 2 1816 1664 1881; baseline -0.001 -18"><span class='ocrx_word' id='word_1_234' title='bbox 2 1840 3 1846; x_wconf 46' lang='lat'>¹</span> <span class='ocrx_word' id='word_1_235' title='bbox 57 1817 142 1863; x_wconf 88' lang='lat' dir='ltr'>Sed</span> <span class='ocrx_word' id='word_1_236' title='bbox 157 1818 299 1864; x_wconf 90' lang='lat' dir='ltr'>multo</span> <span class='ocrx_word' id='word_1_237' title='bbox 314 1817 450 1881; x_wconf 83' lang='lat' dir='ltr'>magis</span> <span class='ocrx_word' id='word_1_238' title='bbox 467 1816 673 1863; x_wconf 77' lang='lat' dir='ltr'>mIrabilis</span> <span class='ocrx_word' id='word_1_239' title='bbox 683 1833 834 1864; x_wconf 90' lang='lat' dir='ltr'>eorum</span> <span class='ocrx_word' id='word_1_240' title='bbox 860 1817 1040 1864; x_wconf 85' lang='lat' dir='ltr'>sollertia</span> <span class='ocrx_word' id='word_1_241' title='bbox 1053 1820 1093 1864; x_wconf 70' lang='grc' dir='ltr'>ὃ(</span> <span class='ocrx_word' id='word_1_242' title='bbox 1108 1816 1283 1878; x_wconf 87' lang='lat' dir='ltr'>capitale</span> <span class='ocrx_word' id='word_1_243' title='bbox 1305 1816 1529 1879; x_wconf 87' lang='lat' dir='ltr'>ingenium</span> <span class='ocrx_word' id='word_1_244' title='bbox 1548 1847 1560 1866; x_wconf 88' lang='lat'><strong><em>‚</em></strong></span> <span class='ocrx_word' id='word_1_245' title='bbox 1586 1816 1664 1879; x_wconf 86' lang='lat' dir='ltr'>qui</span> 
     </span>
     <span class='ocr_line' id='line_1_27' title="bbox 3 1879 1662 1946; baseline -0.004 -11"><span class='ocrx_word' id='word_1_246' title='bbox 3 1926 5 1935; x_wconf 77' lang='grc'>,</span> <span class='ocrx_word' id='word_1_247' title='bbox 60 1885 252 1932; x_wconf 80' lang='lat' dir='ltr'>universa</span> <span class='ocrx_word' id='word_1_248' title='bbox 264 1884 431 1931; x_wconf 88' lang='lat' dir='ltr'>occulte</span> <span class='ocrx_word' id='word_1_249' title='bbox 454 1884 704 1946; x_wconf 90' lang='lat' dir='ltr'>scriptarum</span> <span class='ocrx_word' id='word_1_250' title='bbox 717 1884 993 1946; x_wconf 86' lang='lat' dir='ltr'>epistolarum</span> <span class='ocrx_word' id='word_1_251' title='bbox 1008 1884 1210 1946; x_wconf 86' lang='lat' dir='ltr'>mysteria</span> <span class='ocrx_word' id='word_1_252' title='bbox 1223 1886 1264 1930; x_wconf 71' lang='grc' dir='ltr'>ὃ(</span> <span class='ocrx_word' id='word_1_253' title='bbox 1280 1879 1592 1936; x_wconf 58' lang='grc' dir='ltr'>αἰνιγματώδεις</span> <span class='ocrx_word' id='word_1_254' title='bbox 1605 1884 1662 1930; x_wconf 82' lang='lat' dir='ltr'>la—</span> 
     </span>
     <span class='ocr_line' id='line_1_28' title="bbox 4 1948 1665 2015; baseline -0.001 -17"><span class='ocrx_word' id='word_1_255' title='bbox 4 1972 6 1978; x_wconf 41' lang='lat' dir='ltr'><strong><em>s</em></strong></span> <span class='ocrx_word' id='word_1_256' title='bbox 54 1950 278 2015; x_wconf 82' lang='lat' dir='ltr'>byrinthos</span> <span class='ocrx_word' id='word_1_257' title='bbox 291 1951 507 1998; x_wconf 76' lang='lat' dir='ltr'>variorum</span> <span class='ocrx_word' id='word_1_258' title='bbox 519 1950 846 2013; x_wconf 85' lang='lat' dir='ltr'>alphabetorum</span> <span class='ocrx_word' id='word_1_259' title='bbox 874 1983 886 2002; x_wconf 97' lang='lat'>,</span> <span class='ocrx_word' id='word_1_260' title='bbox 908 1949 1231 2014; x_wconf 82' lang='lat' dir='ltr'>exquifitiffima</span> <span class='ocrx_word' id='word_1_261' title='bbox 1252 1948 1665 2013; x_wconf 79' lang='lat' dir='ltr'>subtilitateexcogi-</span> 
     </span>
    </p>
   </div>
   <div class='ocr_carea' id='block_1_4' title="bbox 6 2015 1662 2081">
    <p class='ocr_par' dir='ltr' id='par_1_4' title="bbox 6 2015 1662 2081">
     <span class='ocr_line' id='line_1_29' title="bbox 6 2015 1662 2081; baseline -0.002 -15"><span class='ocrx_word' id='word_1_262' title='bbox 6 2036 7 2039; x_wconf 70' lang='grc'>’</span> <span class='ocrx_word' id='word_1_263' title='bbox 56 2030 250 2066; x_wconf 64' lang='lat' dir='ltr'>tutorum</span> <span class='ocrx_word' id='word_1_264' title='bbox 267 2050 277 2067; x_wconf 90' lang='lat'>‚</span> <span class='ocrx_word' id='word_1_265' title='bbox 303 2031 431 2081; x_wconf 86' lang='lat' dir='ltr'>atque</span> <span class='ocrx_word' id='word_1_266' title='bbox 455 2021 564 2063; x_wconf 89' lang='lat' dir='ltr'>inter</span> <span class='ocrx_word' id='word_1_267' title='bbox 588 2016 629 2063; x_wconf 87' lang='lat' dir='ltr'>se</span> <span class='ocrx_word' id='word_1_268' title='bbox 643 2017 828 2064; x_wconf 87' lang='lat' dir='ltr'>mirabili</span> <span class='ocrx_word' id='word_1_269' title='bbox 857 2018 1109 2064; x_wconf 89' lang='lat' dir='ltr'>varietate&amp;</span> <span class='ocrx_word' id='word_1_270' title='bbox 1130 2015 1401 2078; x_wconf 84' lang='lat' dir='ltr'>perplexitate</span> <span class='ocrx_word' id='word_1_271' title='bbox 1423 2015 1662 2077; x_wconf 85' lang='lat' dir='ltr'>permixto-</span> 
     </span>
    </p>
   </div>
   <div class='ocr_carea' id='block_1_5' title="bbox 0 2082 1662 2215">
    <p class='ocr_par' dir='ltr' id='par_1_5' title="bbox 0 2082 1662 2215">
     <span class='ocr_line' id='line_1_30' title="bbox 0 2082 1660 2146; baseline -0.001 -16"><span class='ocrx_word' id='word_1_272' title='bbox 0 2105 3 2130; x_wconf 66' lang='lat'>,1</span> <span class='ocrx_word' id='word_1_273' title='bbox 52 2102 171 2136; x_wconf 88' lang='lat' dir='ltr'>rum,</span> <span class='ocrx_word' id='word_1_274' title='bbox 187 2085 307 2131; x_wconf 89' lang='lat' dir='ltr'>certis</span> <span class='ocrx_word' id='word_1_275' title='bbox 318 2086 412 2146; x_wconf 90' lang='lat' dir='ltr'>conj</span> <span class='ocrx_word' id='word_1_276' title='bbox 420 2085 570 2131; x_wconf 65' lang='lat' dir='ltr'>esturis</span> <span class='ocrx_word' id='word_1_277' title='bbox 581 2085 796 2131; x_wconf 90' lang='lat' dir='ltr'>enucleare</span> <span class='ocrx_word' id='word_1_278' title='bbox 806 2084 962 2134; x_wconf 86' lang='lat' dir='ltr'>sciunt,</span> <span class='ocrx_word' id='word_1_279' title='bbox 975 2088 1016 2131; x_wconf 73' lang='grc' dir='ltr'>ὃ(</span> <span class='ocrx_word' id='word_1_280' title='bbox 1029 2083 1233 2130; x_wconf 88' lang='lat' dir='ltr'>omnibus</span> <span class='ocrx_word' id='word_1_281' title='bbox 1246 2082 1329 2129; x_wconf 90' lang='lat' dir='ltr'>sese</span> <span class='ocrx_word' id='word_1_282' title='bbox 1339 2082 1535 2143; x_wconf 87' lang='lat' dir='ltr'>expedire</span> <span class='ocrx_word' id='word_1_283' title='bbox 1548 2082 1639 2128; x_wconf 81' lang='lat' dir='ltr'>diffi</span> <span class='ocrx_word' id='word_1_284' title='bbox 1649 2112 1660 2118; x_wconf 90' lang='lat'>-</span> 
     </span>
     <span class='ocr_line' id='line_1_31' title="bbox 5 2150 1662 2215; baseline -0.004 -14"><span class='ocrx_word' id='word_1_285' title='bbox 5 2170 9 2178; x_wconf 66' lang='lat'><strong><em>¹</em></strong></span> <span class='ocrx_word' id='word_1_286' title='bbox 56 2152 285 2201; x_wconf 81' lang='lat' dir='ltr'>cultatibus</span> <span class='ocrx_word' id='word_1_287' title='bbox 301 2185 312 2202; x_wconf 92' lang='lat'>,</span> <span class='ocrx_word' id='word_1_288' title='bbox 337 2167 434 2215; x_wconf 85' lang='lat' dir='ltr'>quae</span> <span class='ocrx_word' id='word_1_289' title='bbox 445 2154 531 2214; x_wconf 83' lang='lat' dir='ltr'>ejus</span> <span class='ocrx_word' id='word_1_290' title='bbox 545 2151 750 2198; x_wconf 87' lang='lat' dir='ltr'>facultatis</span> <span class='ocrx_word' id='word_1_291' title='bbox 761 2151 1000 2213; x_wconf 78' lang='lat' dir='ltr'>expertibus</span> <span class='ocrx_word' id='word_1_292' title='bbox 1014 2183 1026 2201; x_wconf 96' lang='lat'>,</span> <span class='ocrx_word' id='word_1_293' title='bbox 1045 2150 1291 2196; x_wconf 90' lang='lat' dir='ltr'>humanum</span> <span class='ocrx_word' id='word_1_294' title='bbox 1305 2150 1584 2211; x_wconf 85' lang='lat' dir='ltr'>captumjure</span> <span class='ocrx_word' id='word_1_295' title='bbox 1598 2150 1662 2194; x_wconf 90' lang='lat' dir='ltr'>vi-</span> 
     </span>
    </p>
   </div>
   <div class='ocr_carea' id='block_1_6' title="bbox 53 2215 1660 2281">
    <p class='ocr_par' dir='ltr' id='par_1_6' title="bbox 53 2215 1660 2281">
     <span class='ocr_line' id='line_1_32' title="bbox 53 2215 1660 2281; baseline -0.003 -16"><span class='ocrx_word' id='word_1_296' title='bbox 53 2219 235 2265; x_wconf 87' lang='lat' dir='ltr'>deantur</span> <span class='ocrx_word' id='word_1_297' title='bbox 251 2218 456 2281; x_wconf 85' lang='lat' dir='ltr'>superare.</span> <span class='ocrx_word' id='word_1_298' title='bbox 496 2219 663 2264; x_wconf 83' lang='lat' dir='ltr'>Poffem</span> <span class='ocrx_word' id='word_1_299' title='bbox 689 2233 1040 2265; x_wconf 86' lang='lat' dir='ltr'>commemorare</span> <span class='ocrx_word' id='word_1_300' title='bbox 1066 2233 1161 2280; x_wconf 89' lang='lat' dir='ltr'>quae</span> <span class='ocrx_word' id='word_1_301' title='bbox 1187 2216 1388 2278; x_wconf 87' lang='lat' dir='ltr'>proximo</span> <span class='ocrx_word' id='word_1_302' title='bbox 1409 2216 1523 2261; x_wconf 90' lang='lat' dir='ltr'>civili</span> <span class='ocrx_word' id='word_1_303' title='bbox 1551 2215 1660 2261; x_wconf 90' lang='lat' dir='ltr'>bello</span> 
     </span>
    </p>
   </div>
   <div class='ocr_carea' id='block_1_7' title="bbox 6 2281 1655 2349">
    <p class='ocr_par' dir='ltr' id='par_1_7' title="bbox 6 2281 1655 2349">
     <span class='ocr_line' id='line_1_33' title="bbox 6 2281 1655 2349; baseline -0.002 -19"><span class='ocrx_word' id='word_1_304' title='bbox 6 2303 11 2330; x_wconf 75' lang='grc'><em>;</em></span> <span class='ocrx_word' id='word_1_305' title='bbox 55 2285 240 2349; x_wconf 85' lang='lat' dir='ltr'>praestita</span> <span class='ocrx_word' id='word_1_306' title='bbox 259 2285 355 2331; x_wconf 87' lang='lat' dir='ltr'>sunt</span> <span class='ocrx_word' id='word_1_307' title='bbox 381 2285 425 2330; x_wconf 89' lang='lat' dir='ltr'>in</span> <span class='ocrx_word' id='word_1_308' title='bbox 446 2301 499 2330; x_wconf 93' lang='lat' dir='ltr'>eo</span> <span class='ocrx_word' id='word_1_309' title='bbox 522 2300 676 2348; x_wconf 85' lang='lat' dir='ltr'>genere</span> <span class='ocrx_word' id='word_1_310' title='bbox 694 2285 814 2346; x_wconf 86' lang='lat' dir='ltr'>plane</span> <span class='ocrx_word' id='word_1_311' title='bbox 835 2284 1061 2345; x_wconf 90' lang='lat' dir='ltr'>stupenda,</span> <span class='ocrx_word' id='word_1_312' title='bbox 1087 2282 1460 2345; x_wconf 68' lang='lat' dir='ltr'>apraestantissxmo</span> <span class='ocrx_word' id='word_1_313' title='bbox 1486 2281 1655 2327; x_wconf 88' lang='lat' dir='ltr'>mathe-</span> 
     </span>
    </p>
   </div>
   <div class='ocr_carea' id='block_1_8' title="bbox 0 2348 1656 2414">
    <p class='ocr_par' dir='ltr' id='par_1_8' title="bbox 0 2348 1656 2414">
     <span class='ocr_line' id='line_1_34' title="bbox 0 2348 1656 2414; baseline -0.004 -15"><span class='ocrx_word' id='word_1_314' title='bbox 0 2369 4 2374; x_wconf 61' lang='grc'><strong>“</strong></span> <span class='ocrx_word' id='word_1_315' title='bbox 56 2352 245 2401; x_wconf 67' lang='lat' dir='ltr'>manco,</span> <span class='ocrx_word' id='word_1_316' title='bbox 267 2351 434 2398; x_wconf 91' lang='lat' dir='ltr'>summi</span> <span class='ocrx_word' id='word_1_317' title='bbox 457 2352 620 2414; x_wconf 87' lang='lat' dir='ltr'>ingenii</span> <span class='ocrx_word' id='word_1_318' title='bbox 644 2353 735 2399; x_wconf 90' lang='lat' dir='ltr'>viro</span> <span class='ocrx_word' id='word_1_319' title='bbox 751 2384 762 2402; x_wconf 91' lang='lat'>,</span> <span class='ocrx_word' id='word_1_320' title='bbox 785 2351 1005 2398; x_wconf 78' lang='lat' dir='ltr'>Francisco</span> <span class='ocrx_word' id='word_1_321' title='bbox 1039 2350 1165 2396; x_wconf 79' lang='lat' dir='ltr'>Victa</span> <span class='ocrx_word' id='word_1_322' title='bbox 1181 2383 1192 2401; x_wconf 89' lang='lat'>‚</span> <span class='ocrx_word' id='word_1_323' title='bbox 1217 2366 1313 2412; x_wconf 90' lang='lat' dir='ltr'>quae</span> <span class='ocrx_word' id='word_1_324' title='bbox 1337 2349 1441 2395; x_wconf 89' lang='lat' dir='ltr'>item</span> <span class='ocrx_word' id='word_1_325' title='bbox 1468 2349 1519 2393; x_wconf 91' lang='lat' dir='ltr'>ab</span> <span class='ocrx_word' id='word_1_326' title='bbox 1544 2348 1656 2403; x_wconf 83' lang='lat' dir='ltr'>aliis3</span> 
     </span>
    </p>
   </div>
   <div class='ocr_carea' id='block_1_9' title="bbox 51 2414 1659 2682">
    <p class='ocr_par' dir='ltr' id='par_1_9' title="bbox 51 2414 1659 2682">
     <span class='ocr_line' id='line_1_35' title="bbox 51 2414 1658 2484; baseline -0.003 -18"><span class='ocrx_word' id='word_1_327' title='bbox 51 2435 240 2484; x_wconf 86' lang='lat' dir='ltr'>quorum</span> <span class='ocrx_word' id='word_1_328' title='bbox 255 2418 399 2464; x_wconf 89' lang='lat' dir='ltr'>divina</span> <span class='ocrx_word' id='word_1_329' title='bbox 416 2418 619 2466; x_wconf 85' lang='lat' dir='ltr'>industria</span> <span class='ocrx_word' id='word_1_330' title='bbox 632 2418 875 2466; x_wconf 83' lang='lat' dir='ltr'>&amp;inaudita</span> <span class='ocrx_word' id='word_1_331' title='bbox 897 2417 1057 2481; x_wconf 87' lang='lat' dir='ltr'>ingenii</span> <span class='ocrx_word' id='word_1_332' title='bbox 1071 2416 1246 2463; x_wconf 89' lang='lat' dir='ltr'>felicitas</span> <span class='ocrx_word' id='word_1_333' title='bbox 1256 2416 1368 2479; x_wconf 87' lang='lat' dir='ltr'>Regi</span> <span class='ocrx_word' id='word_1_334' title='bbox 1384 2414 1658 2477; x_wconf 82' lang='lat' dir='ltr'>Christianis·</span> 
     </span>
     <span class='ocr_line' id='line_1_36' title="bbox 53 2481 1657 2548; baseline -0.004 -14"><span class='ocrx_word' id='word_1_335' title='bbox 53 2487 167 2534; x_wconf 86' lang='lat' dir='ltr'>fimo</span> <span class='ocrx_word' id='word_1_336' title='bbox 180 2485 273 2533; x_wconf 89' lang='lat' dir='ltr'>usui</span> <span class='ocrx_word' id='word_1_337' title='bbox 297 2485 476 2547; x_wconf 83' lang='lat' dir='ltr'>persaepe</span> <span class='ocrx_word' id='word_1_338' title='bbox 499 2484 584 2530; x_wconf 89' lang='lat' dir='ltr'>fuit</span> <span class='ocrx_word' id='word_1_339' title='bbox 604 2487 814 2533; x_wconf 65' lang='lat' dir='ltr'>miximo.</span> <span class='ocrx_word' id='word_1_340' title='bbox 847 2501 950 2531; x_wconf 85' lang='lat' dir='ltr'>nam</span> <span class='ocrx_word' id='word_1_341' title='bbox 974 2484 1092 2548; x_wconf 88' lang='lat' dir='ltr'>quod</span> <span class='ocrx_word' id='word_1_342' title='bbox 1112 2484 1321 2545; x_wconf 88' lang='lat' dir='ltr'>praecipue</span> <span class='ocrx_word' id='word_1_343' title='bbox 1340 2481 1543 2545; x_wconf 89' lang='lat' dir='ltr'>equidem</span> <span class='ocrx_word' id='word_1_344' title='bbox 1558 2481 1657 2528; x_wconf 87' lang='lat' dir='ltr'>sum</span> 
     </span>
     <span class='ocr_line' id='line_1_37' title="bbox 53 2549 1655 2613; baseline -0.002 -15"><span class='ocrx_word' id='word_1_345' title='bbox 53 2551 340 2603; x_wconf 74' lang='lat' dir='ltr'>demiratus,e</span> <span class='ocrx_word' id='word_1_346' title='bbox 353 2549 423 2597; x_wconf 40' lang='lat'>5352</span> <span class='ocrx_word' id='word_1_347' title='bbox 437 2555 509 2597; x_wconf 76' lang='grc' dir='ltr'>ναῢ</span> <span class='ocrx_word' id='word_1_348' title='bbox 520 2549 705 2609; x_wconf 56' lang='lat' dir='ltr'>mafofflq</span> <span class='ocrx_word' id='word_1_349' title='bbox 719 2549 952 2611; x_wconf 49' lang='grc' dir='ltr'><em>θαυμάζων,</em></span> <span class='ocrx_word' id='word_1_350' title='bbox 965 2551 1098 2597; x_wconf 80' lang='lat' dir='ltr'>etiam</span> <span class='ocrx_word' id='word_1_351' title='bbox 1113 2551 1156 2596; x_wconf 92' lang='lat' dir='ltr'>in</span> <span class='ocrx_word' id='word_1_352' title='bbox 1169 2549 1490 2613; x_wconf 88' lang='lat' dir='ltr'>synthematicis</span> <span class='ocrx_word' id='word_1_353' title='bbox 1499 2550 1655 2610; x_wconf 88' lang='lat' dir='ltr'>episto·</span> 
     </span>
     <span class='ocr_line' id='line_1_38' title="bbox 52 2614 1659 2682; baseline -0.005 -14"><span class='ocrx_word' id='word_1_354' title='bbox 52 2619 106 2668; x_wconf 87' lang='lat' dir='ltr'>lis</span> <span class='ocrx_word' id='word_1_355' title='bbox 116 2619 319 2682; x_wconf 77' lang='lat' dir='ltr'>ealingua</span> <span class='ocrx_word' id='word_1_356' title='bbox 343 2619 503 2679; x_wconf 81' lang='lat' dir='ltr'>scriptis</span> <span class='ocrx_word' id='word_1_357' title='bbox 525 2635 657 2681; x_wconf 85' lang='lat' dir='ltr'>quam</span> <span class='ocrx_word' id='word_1_358' title='bbox 681 2634 768 2664; x_wconf 90' lang='lat' dir='ltr'>non</span> <span class='ocrx_word' id='word_1_359' title='bbox 791 2617 1054 2681; x_wconf 87' lang='lat' dir='ltr'>intelligebat</span> <span class='ocrx_word' id='word_1_360' title='bbox 1077 2616 1254 2663; x_wconf 84' lang='lat' dir='ltr'>Victa&amp;</span> <span class='ocrx_word' id='word_1_361' title='bbox 1268 2615 1337 2662; x_wconf 88' lang='lat' dir='ltr'>alii</span> <span class='ocrx_word' id='word_1_362' title='bbox 1356 2614 1546 2672; x_wconf 75' lang='lat' dir='ltr'>ejusdem</span> <span class='ocrx_word' id='word_1_363' title='bbox 1561 2617 1659 2661; x_wconf 88' lang='lat' dir='ltr'>artis</span> 
     </span>
    </p>
   </div>
   <div class='ocr_carea' id='block_1_10' title="bbox 16 2684 1657 2814">
    <p class='ocr_par' dir='ltr' id='par_1_10' title="bbox 16 2684 1657 2814">
     <span class='ocr_line' id='line_1_39' title="bbox 16 2684 1657 2747; baseline -0.005 -12"><span class='ocrx_word' id='word_1_364' title='bbox 16 2706 19 2747; x_wconf 69' lang='lat'>¹3</span> <span class='ocrx_word' id='word_1_365' title='bbox 54 2686 251 2734; x_wconf 89' lang='lat' dir='ltr'>callentes</span> <span class='ocrx_word' id='word_1_366' title='bbox 262 2717 273 2736; x_wconf 92' lang='lat'>‚</span> <span class='ocrx_word' id='word_1_367' title='bbox 299 2686 340 2730; x_wconf 88' lang='lat' dir='ltr'>id</span> <span class='ocrx_word' id='word_1_368' title='bbox 356 2685 493 2747; x_wconf 88' lang='lat' dir='ltr'>ipsum</span> <span class='ocrx_word' id='word_1_369' title='bbox 507 2685 755 2747; x_wconf 77' lang='lat' dir='ltr'>praestabant</span> <span class='ocrx_word' id='word_1_370' title='bbox 770 2705 781 2739; x_wconf 90' lang='lat'>;</span> <span class='ocrx_word' id='word_1_371' title='bbox 810 2684 1078 2745; x_wconf 88' lang='lat' dir='ltr'>utscripturae</span> <span class='ocrx_word' id='word_1_372' title='bbox 1088 2698 1235 2729; x_wconf 89' lang='lat' dir='ltr'>arcana</span> <span class='ocrx_word' id='word_1_373' title='bbox 1247 2685 1288 2728; x_wconf 69' lang='grc' dir='ltr'>ὃς</span> <span class='ocrx_word' id='word_1_374' title='bbox 1305 2697 1457 2728; x_wconf 82' lang='lat' dir='ltr'>omnes</span> <span class='ocrx_word' id='word_1_375' title='bbox 1467 2697 1569 2744; x_wconf 84' lang='lat' dir='ltr'>quas</span> <span class='ocrx_word' id='word_1_376' title='bbox 1582 2698 1657 2728; x_wconf 91' lang='lat' dir='ltr'>vo-</span> 
     </span>
     <span class='ocr_line' id='line_1_40' title="bbox 18 2749 1656 2814; baseline -0.004 -14"><span class='ocrx_word' id='word_1_377' title='bbox 18 2775 20 2780; x_wconf 94' lang='lat'><em>·</em></span> <span class='ocrx_word' id='word_1_378' title='bbox 54 2765 153 2800; x_wconf 88' lang='lat' dir='ltr'>cant</span> <span class='ocrx_word' id='word_1_379' title='bbox 164 2751 334 2813; x_wconf 82' lang='lat' dir='ltr'>fiphras,</span> <span class='ocrx_word' id='word_1_380' title='bbox 349 2764 585 2814; x_wconf 89' lang='lat' dir='ltr'>retegerent</span> <span class='ocrx_word' id='word_1_381' title='bbox 597 2783 608 2802; x_wconf 92' lang='lat'><strong>,</strong></span> <span class='ocrx_word' id='word_1_382' title='bbox 623 2756 666 2798; x_wconf 73' lang='grc' dir='ltr'>δε</span> <span class='ocrx_word' id='word_1_383' title='bbox 678 2751 898 2813; x_wconf 85' lang='lat' dir='ltr'>descriptas</span> <span class='ocrx_word' id='word_1_384' title='bbox 910 2750 1102 2811; x_wconf 83' lang='lat' dir='ltr'>epistolas</span> <span class='ocrx_word' id='word_1_385' title='bbox 1110 2767 1206 2812; x_wconf 86' lang='lat' dir='ltr'>quae</span> <span class='ocrx_word' id='word_1_386' title='bbox 1217 2749 1383 2794; x_wconf 84' lang='lat' dir='ltr'>fuerant</span> <span class='ocrx_word' id='word_1_387' title='bbox 1397 2749 1656 2809; x_wconf 84' lang='lat' dir='ltr'>interceptae,</span> 
     </span>
    </p>
   </div>
   <div class='ocr_carea' id='block_1_11' title="bbox 56 2815 1656 2947">
    <p class='ocr_par' dir='ltr' id='par_1_11' title="bbox 56 2815 1656 2947">
     <span class='ocr_line' id='line_1_41' title="bbox 56 2815 1656 2882; baseline -0.003 -18"><span class='ocrx_word' id='word_1_388' title='bbox 56 2819 201 2882; x_wconf 85' lang='lat' dir='ltr'>peritis</span> <span class='ocrx_word' id='word_1_389' title='bbox 213 2819 368 2881; x_wconf 87' lang='lat' dir='ltr'>linguae</span> <span class='ocrx_word' id='word_1_390' title='bbox 381 2818 591 2864; x_wconf 80' lang='lat' dir='ltr'>traderent</span> <span class='ocrx_word' id='word_1_391' title='bbox 610 2819 890 2880; x_wconf 84' lang='lat' dir='ltr'>exponendas.</span> <span class='ocrx_word' id='word_1_392' title='bbox 922 2816 992 2863; x_wconf 92' lang='lat' dir='ltr'>sed</span> <span class='ocrx_word' id='word_1_393' title='bbox 1006 2831 1145 2879; x_wconf 88' lang='lat' dir='ltr'>neque</span> <span class='ocrx_word' id='word_1_394' title='bbox 1160 2815 1203 2861; x_wconf 91' lang='lat' dir='ltr'>id</span> <span class='ocrx_word' id='word_1_395' title='bbox 1227 2815 1346 2862; x_wconf 91' lang='lat' dir='ltr'>nobis</span> <span class='ocrx_word' id='word_1_396' title='bbox 1358 2831 1472 2862; x_wconf 89' lang='lat' dir='ltr'>nunc</span> <span class='ocrx_word' id='word_1_397' title='bbox 1485 2815 1544 2860; x_wconf 89' lang='lat' dir='ltr'>est</span> <span class='ocrx_word' id='word_1_398' title='bbox 1557 2830 1656 2875; x_wconf 88' lang='lat' dir='ltr'>pro-</span> 
     </span>
     <span class='ocr_line' id='line_1_42' title="bbox 58 2881 1654 2947; baseline -0.003 -16"><span class='ocrx_word' id='word_1_399' title='bbox 58 2886 246 2946; x_wconf 78' lang='lat' dir='ltr'>positum</span> <span class='ocrx_word' id='word_1_400' title='bbox 264 2916 276 2936; x_wconf 91' lang='lat'><strong>,</strong></span> <span class='ocrx_word' id='word_1_401' title='bbox 302 2889 344 2933; x_wconf 71' lang='grc' dir='ltr'>ὅ(</span> <span class='ocrx_word' id='word_1_402' title='bbox 355 2901 416 2930; x_wconf 89' lang='lat' dir='ltr'>res</span> <span class='ocrx_word' id='word_1_403' title='bbox 429 2884 558 2947; x_wconf 90' lang='lat' dir='ltr'>vulgo</span> <span class='ocrx_word' id='word_1_404' title='bbox 572 2885 616 2931; x_wconf 90' lang='lat' dir='ltr'>in</span> <span class='ocrx_word' id='word_1_405' title='bbox 631 2885 709 2931; x_wconf 88' lang='lat' dir='ltr'>hac</span> <span class='ocrx_word' id='word_1_406' title='bbox 725 2885 816 2932; x_wconf 90' lang='lat' dir='ltr'>aula</span> <span class='ocrx_word' id='word_1_407' title='bbox 830 2897 929 2931; x_wconf 82' lang='lat' dir='ltr'>nota</span> <span class='ocrx_word' id='word_1_408' title='bbox 941 2885 1001 2929; x_wconf 87' lang='lat' dir='ltr'>est</span> <span class='ocrx_word' id='word_1_409' title='bbox 1012 2883 1228 2930; x_wconf 89' lang='lat' dir='ltr'>omnibus.</span> <span class='ocrx_word' id='word_1_410' title='bbox 1261 2882 1328 2928; x_wconf 91' lang='lat' dir='ltr'>Ad</span> <span class='ocrx_word' id='word_1_411' title='bbox 1342 2895 1499 2928; x_wconf 90' lang='lat' dir='ltr'>veteres</span> <span class='ocrx_word' id='word_1_412' title='bbox 1511 2881 1654 2931; x_wconf 87' lang='lat' dir='ltr'>redeo,</span> 
     </span>
    </p>
   </div>
   <div class='ocr_carea' id='block_1_12' title="bbox 57 2945 1659 3078">
    <p class='ocr_par' dir='ltr' id='par_1_12' title="bbox 57 2945 1659 3078">
     <span class='ocr_line' id='line_1_43' title="bbox 57 2945 1659 3020; baseline -0.004 -22"><span class='ocrx_word' id='word_1_413' title='bbox 57 2953 104 3003; x_wconf 71' lang='grc' dir='ltr'>ὃς</span> <span class='ocrx_word' id='word_1_414' title='bbox 115 2954 299 2999; x_wconf 88' lang='lat' dir='ltr'>AEneam</span> <span class='ocrx_word' id='word_1_415' title='bbox 309 2953 505 3003; x_wconf 86' lang='lat' dir='ltr'>nostrum</span> <span class='ocrx_word' id='word_1_416' title='bbox 521 2971 535 3009; x_wconf 80' lang='lat'>5</span> <span class='ocrx_word' id='word_1_417' title='bbox 549 2952 620 3000; x_wconf 91' lang='lat' dir='ltr'>cui</span> <span class='ocrx_word' id='word_1_418' title='bbox 634 2952 709 2999; x_wconf 89' lang='lat' dir='ltr'>uni</span> <span class='ocrx_word' id='word_1_419' title='bbox 721 2951 911 3017; x_wconf 85' lang='lat' dir='ltr'>scriptori</span> <span class='ocrx_word' id='word_1_420' title='bbox 922 2949 1074 2998; x_wconf 86' lang='lat' dir='ltr'>curiofi</span> <span class='ocrx_word' id='word_1_421' title='bbox 1085 2964 1228 2998; x_wconf 90' lang='lat' dir='ltr'>rerum</span> <span class='ocrx_word' id='word_1_422' title='bbox 1245 2960 1438 2997; x_wconf 79' lang='lat' dir='ltr'>veterum</span> <span class='ocrx_word' id='word_1_423' title='bbox 1454 2978 1466 3000; x_wconf 87' lang='lat'>‚</span> <span class='ocrx_word' id='word_1_424' title='bbox 1488 2945 1659 3020; x_wconf 77' lang='lat' dir='ltr'>praeser-</span> 
     </span>
     <span class='ocr_line' id='line_1_44' title="bbox 982 3017 1657 3078; baseline -0.007 -14"><span class='ocrx_word' id='word_1_425' title='bbox 982 3019 998 3064; x_wconf 86' lang='lat'>1</span> <span class='ocrx_word' id='word_1_426' title='bbox 1013 3017 1028 3063; x_wconf 92' lang='lat' dir='ltr'>i</span> <span class='ocrx_word' id='word_1_427' title='bbox 1065 3031 1086 3078; x_wconf 88' lang='lat'>3</span> <span class='ocrx_word' id='word_1_428' title='bbox 1571 3026 1657 3060; x_wconf 78' lang='lat' dir='ltr'>tim</span> 
     </span>
    </p>
   </div>
  </div>
 </body>
</html>
