1961 3454
298 110 656 162 SYNOPSIS
690 93 1331 155 CHRONOLOGICA.
1501 97 1621 160 1603

46 203 182 264 gymp
205 195 384 260 AEo’yp
414 201 509 254 Syr.
535 189 698 237 Maced.
724 194 770 235 V.
785 192 840 231 R

811 258 888 322 gni
917 256 1108 308 finibus,
1138 255 1190 301 ad
1212 251 1377 300 bellum
1394 250 1637 299 AEtolicum

814 327 1056 389 gerendum
1074 324 1184 368 redit
1210 323 1256 366 in
1273 319 1638 382 Peloponnesum.

875 399 966 438 612

815 407 858 455 P
884 460 1039 503 Eidem
1064 459 1341 502 Nemeorum
1370 453 1639 500 trietericum

812 525 1028 572 ludicrum
1048 523 1278 585 {pestanti,
1301 523 1423 568 nunti
1430 538 1476 567 us
1489 522 1542 565 de
1553 522 1642 567 cla-

815 593 868 638 de
881 592 932 637 ad
946 591 1159 654 Thraiym
1168 606 1302 635 enum
1320 589 1522 634 adfertur.
1538 588 1641 634 ibid.

886 659 1050 704 Sociale
1062 659 1224 703 bellum
1240 657 1403 702 finitur.
1420 662 1446 702 6
1460 673 1475 700 1
1488 673 1511 701 2
1523 691 1535 700 .

889 729 986 771 Hoc
1013 726 1211 787 primum
1247 739 1361 770 anno
1385 739 1446 768 res
1470 726 1644 769 Graeco-

820 809 922 840 rum
947 793 1068 839 rebus
1084 796 1395 838 Romanorum
1424 792 1466 836 &
1483 792 1645 836 Poeno-

821 877 922 908 rum
945 860 1118 906 misceri
1134 872 1278 921 ceptae.
1293 875 1332 919 p.
1350 863 1402 904 61
1424 872 1461 914 7.

895 930 1041 990 Pugna
1056 929 1105 973 ad
1126 927 1378 988 Rhaphiam
1396 923 1587 988 infignis,
1602 928 1646 974 ὃς

824 995 1048 1042 Ptolemaei
1066 994 1342 1041 vieroriastib.
1359 996 1416 1036 V.
1433 1009 1472 1053 p.
1494 1009 1582 1054 593

896 1061 1085 1108 Induciae
1117 1063 1162 1106 in
1188 1077 1351 1107 annum
1389 1059 1502 1106 fiunt
1537 1063 1650 1107 inter

17 1154 20 1185 ς
57 1153 60 1158 ¹
827 1130 1121 1175 Ptolemaeum
1138 1132 1179 1175 &
1195 1126 1464 1173 Antiochum
1477 1163 1486 1172 .
1502 1144 1613 1188 597.

17 1204 21 1250 l
91 1216 116 1255 1
133 1216 172 1255 V
268 1222 301 1266 4
429 1220 461 1265 5
576 1218 608 1262 5
741 1213 872 1309 537V
904 1196 1340 1323 AEnissbiuffidghgsss
1356 1197 1652 1310 (lssngegtius

19 1291 22 1311 i
876 1280 1068 1309 asrO.l.
1159 1301 1164 1307 .
1215 1300 1221 1307 .
1341 1280 1444 1306 .l.
1505 1295 1516 1313 ,
1569 1281 1649 1309 22·

899 1331 1049 1377 Clades
1063 1333 1371 1377 Romanorum
1395 1328 1446 1374 ad
1459 1331 1648 1377 Cannas.

838 1415 859 1460 3
900 1466 1171 1511 Timoxenus
1194 1467 1353 1511 Praetor
1367 1463 1648 1512 Achaeorum.

830 1532 906 1582 lib.
924 1536 977 1578 V.
992 1550 1032 1595 p.
1051 1536 1155 1580 618.

900 1602 1088 1664 Agelaus
1113 1599 1380 1663 Naupadfius
1404 1600 1563 1646 Praetor
1575 1601 1656 1646 AE-

828 1667 1041 1714 tolorum.
1062 1684 1107 1729 p,
1123 1673 1232 1714 620.

904 1735 1123 1796 Philippus
1136 1735 1258 1781 rebus
1281 1735 1529 1797 compofitis
1543 1734 1586 1780 in
1597 1734 1657 1780 Il-

832 1802 970 1865 lyrico
982 1819 1082 1848 cum
1099 1803 1356 1848 Scerdilaida
1370 1835 1380 1853 ‚
1396 1803 1566 1848 claffem
1583 1818 1658 1863 pa-

834 1882 899 1915 rat
911 1874 954 1916 ἃ
967 1870 1164 1916 tranfire
1154 1885 1198 1914 in
1211 1870 1379 1916 ltaliam
1394 1869 1547 1917 frustra
1557 1885 1658 1915 con·

834 1937 990 1986 tendit,
1004 1953 1043 1998 p.
1060 1944 1168 1985 622.

900 2005 1154 2051 Ptolemaeus
1167 2004 1294 2051 bellat
1306 2020 1409 2051 cum
1425 2004 1660 2070 AEgyptiis.

834 2077 943 2129 619.

905 2139 1146 2185 Antiochus
1181 2142 1378 2186 Taurum
1415 2140 1584 2202 superat
1619 2143 1665 2188 ὅε

834 2207 1049 2253 Achaeum
1065 2207 1180 2254 bello
1199 2208 1477 2270 persequitur.
1496 2224 1537 2270 p.
1551 2223 1662 2268 597.

41 2246 199 2319 CXLI.
837 2280 954 2322 620.

10 2383 17 2413 ἃ.
34 2356 37 2360 ·
91 2343 133 2388 ,1
293 2356 323 2398 5
439 2343 469 2387 6
595 2343 624 2386 6
737 2355 768 2402 5
777 2356 797 2404 3
807 2342 834 2389 8
910 2343 1035 2389 Titus
1050 2343 1331 2404 Sempronius
1344 2341 1580 2394 Gracchus,
1595 2344 1659 2402 Q.

10 2408 13 2419 “
842 2410 994 2456 Fabius
1010 2411 1231 2456 Maximus
1244 2412 1324 2456 111.

912 2481 1070 2522 Praetor
1084 2477 1344 2524 Achaeorum
1360 2478 1530 2523 Aratus.

912 2545 1135 2606 Philippus
1160 2547 1258 2590 Rex
1284 2545 1427 2590 foedus
1453 2545 1537 2591 init
1560 2560 1666 2590 cum

844 2612 1096 2660 Hannibale.
1111 2611 1184 2657 lib.
1200 2614 1288 2658 VII.
1307 2629 1346 2673 p.
1361 2619 1469 2670 699.

913 2685 1014 2745 Qie
1029 2681 1081 2725 de
1093 2679 1247 2725 eodem
1265 2684 1307 2726 ὃ(
1322 2678 1550 2725 Demetrio
1562 2676 1671 2724 Pha-

843 2748 911 2794 rio
931 2763 1060 2812 atque
1076 2750 1205 2792 Arato
1225 2760 1464 2793 narrantur.
1487 2763 1526 2807 p.
1556 2761 1665 2804 704.

847 2816 933 2863 hoc
953 2831 1066 2862 anno
1094 2815 1294 2860 videntur
1327 2814 1536 2860 accidisse.
1592 2813 1669 2858 etfi

847 2881 1098 2933 Plutarchus
1132 2882 1192 2927 ita
1226 2894 1366 2928 narxat
1399 2880 1526 2971 quafi
1553 2879 1671 2940 gesta

848 2952 1099 3014 priusquam
1125 2948 1249 2995 rebus
1272 2947 1488 2997 Italicisse
1480 2945 1670 2993 immi-

844 3019 972 3068 fiteret
987 3017 1220 3083 Philippus,
1563 3012 1668 3079 Hie
