1971 3495
269 155 390 202 ¹774
554 139 914 189 ISAACI
985 137 1597 192 CASAUBONI

262 211 348 255 tim
365 205 623 254 militarium
640 240 653 259 ‚
675 209 794 270 plura
809 210 852 254 in
865 208 943 254 hac
959 220 1073 269 parte
1087 207 1182 252 sunt
1195 206 1401 259 debituri,
1413 224 1548 271 quam
1561 211 1718 259 caeteris
1727 212 1871 262 omui..

263 277 341 323 bus
356 275 417 321 vel
440 276 601 321 Graecis
621 276 687 322 vel
713 276 872 321 Latinis
893 274 1137 321 auditoribus
1157 275 1355 337 antiquis.
1423 277 1561 323 nullus
1583 281 1701 327 enim
1725 281 1873 333 hodie,

263 344 383 402 quod
394 342 544 392 sciam,
557 342 740 404 superest
753 375 766 393 ,
789 344 865 405 qui
880 342 1002 404 super
1015 342 1094 387 hac
1107 339 1397 402 pulcherrima
1407 344 1661 407 antiquitate
1675 380 1690 399 ‚
1708 349 1873 412 aliquid

263 423 317 460 ex
331 409 514 470 professo
528 411 761 457 nosdoceat
773 442 785 461 ‚
810 410 917 456 ficut
941 409 1014 456 hic
1028 407 1139 454 facit.
1175 424 1228 454 ex
1242 408 1291 454 iis
1315 407 1416 456 vero
1427 408 1699 472 scriptoribus
1717 416 1873 475 priscis,

261 476 341 537 qui
353 476 396 522 in
410 475 682 524 bibliothecis
692 477 824 523 latent
841 510 853 527 ,
873 480 1108 540 attigerunt
1121 473 1238 522 hunc
1250 475 1397 522 locum
1411 475 1499 523 duo
1521 478 1674 525 eximii
1691 482 1875 533 Taetici,

263 542 399 605 Julius
413 543 635 591 Africanus
649 576 661 595 ‚
686 544 867 592 &Philo
890 544 1192 590 mechanicus:
1222 542 1294 590 sed
1307 543 1377 589 ille
1406 544 1587 606 quidem
1610 546 1875 610 negligenter

262 609 508 657 admodum
522 610 866 673 &perfundtorie
881 627 898 667 ,·
924 626 1079 673 paucos
1099 611 1221 657 enim
1247 610 1402 657 modos
1425 626 1479 657 ex
1505 627 1642 661 AEneae
1666 616 1795 660 nostri
1808 616 1876 661 di-

262 675 429 726 tiffimo
441 693 555 740 penu
569 695 693 740 prom
700 679 819 740 pfifse
830 689 1057 725 contentus
1069 711 1082 729 ‚
1097 678 1199 728 novi
1213 677 1324 724 nihil
1335 677 1576 742 quicquam
1589 678 1710 727 affert
1722 683 1774 726 de
1784 680 1875 735 suo,

262 742 391 790 Philo
404 762 581 809 quoque
593 745 818 809 diligentia
829 746 957 810 longe
971 746 1146 792 inferior
1159 747 1220 791 est
1235 747 1387 792 Aeneae
1402 761 1412 789 :
1436 745 1555 807 quod
1566 758 1716 793 tamen
1725 763 1776 794 eo
1789 749 1876 796 mi-

261 826 342 856 nus
354 812 492 859 miror
501 843 514 864 ‚
537 812 640 875 quia
655 813 909 877 singularem
931 813 984 858 de
995 813 1080 860 hoc
1090 824 1349 876 argumento
1368 813 1600 859 trastatum
1615 813 1638 860 a
1650 813 1692 860 se
1703 814 1873 865 editum

261 878 501 942 profitetur.
535 880 782 927 sermonem
796 880 916 926 enim
933 880 986 925 de
998 881 1128 927 literis
1141 885 1198 928 ita
1209 880 1385 930 claudit.
1422 879 1559 927 πολλοὶ
1574 875 1598 938 3
1610 885 1649 944 ις
1663 877 1774 925 ἄλλοι
1787 879 1873 936 ‘13⁹0'-

261 961 339 988 mc
362 946 433 990 εἶπ’
447 947 485 995 ff
497 956 683 1009 κρυφίως
698 944 1292 1008 λ’πιςελλομένωνγρριμμοίτων,
1307 945 1358 998 ὥς
1379 939 1607 1002 &maio-operi·
1630 945 1675 993 ὤν
1687 943 1748 993 725
1762 946 1872 1004 εἶδε-ι,

257 1007 326 1070 σξιῩ
345 1008 435 1063 «ὥς
448 1012 638 1062 {ms-vel&
651 1015 688 1062 ῗ
703 1015 912 1075 κρυφαίως
928 1010 1253 1069 λ’πιπλλομένων.

343 1075 660 1138 ωεθσυίῖιεῒιθοᾳ
685 1077 710 1144 3
732 1076 796 1128 δεῖ
814 1076 1023 1138 πέμψοωῖι
1048 1085 1087 1144 ’9
1111 1077 1296 1143 ἓεχσμένῳ
1322 1077 1424 1144 ι’σῪςι.
1440 1083 1458 1142 )
1499 1080 1655 1127 Melius
1672 1076 1789 1143 7213„
1824 1098 1872 1131 ac

262 1142 434 1192 fortasse
449 1147 562 1198 deest
576 1165 659 1194 vox
680 1145 884 1203 σύστημα.
929 1150 982 1195 Et
1003 1150 1063 1194 est
1086 1149 1264 1211 quidem
1278 1150 1447 1210 optima
1468 1160 1596 1211 atque
1617 1149 1874 1209 expeditiffi-

263 1214 589 1266 maratio,cum
604 1215 714 1263 inter
729 1215 979 1262 mittentem
1005 1218 1049 1262 &
1070 1216 1353 1277 accipientem
1384 1216 1707 1278 priusconvenit
1719 1216 1771 1262 de
1793 1233 1873 1270 no-

262 1278 317 1325 tis
329 1280 672 1343 usurpandis‚aut
685 1282 887 1328 mittendi
905 1283 1053 1329 modo.
1079 1282 1183 1344 saepe
1197 1289 1346 1331 tamen
1358 1285 1491 1330 etiam
1507 1282 1620 1329 nulla
1635 1283 1873 1345 praeceden·

262 1358 306 1392 te
319 1350 604 1395 conventione
615 1348 643 1395 s
637 1348 941 1400 vnthematicae
952 1351 1081 1395 literae
1094 1350 1252 1396 utiliter
1260 1350 1357 1397 sunt
1369 1350 1503 1396 miffae
1520 1370 1531 1404 3
1557 1366 1660 1396 cum
1674 1351 1766 1411 post
1778 1351 1874 1398 lon-

262 1428 367 1479 gam
394 1414 703 1465 haefitationem
722 1451 735 1469 ,
760 1417 936 1463 tandem
961 1417 1097 1479 sagaci
1123 1417 1296 1478 alicujus
1320 1419 1564 1480 conjed'tura
1585 1418 1637 1462 ad
1650 1418 1735 1464 veri
1752 1418 1872 1464 inve-

262 1481 539 1543 stigationem
555 1485 614 1530 est
628 1495 903 1545 perventum.
938 1484 1199 1545 Exemplum
1223 1486 1284 1531 est
1307 1485 1418 1546 apud
1431 1484 1704 1530 Herodotum
1722 1485 1765 1530 in
1778 1484 1876 1531 lite-

260 1547 317 1592 ris
331 1551 551 1596 Demarati
570 1571 583 1605 3
605 1566 791 1613 quarum
807 1551 1040 1597 artificium
1065 1567 1205 1613 quum
1222 1568 1308 1597 non
1336 1552 1652 1614 assequerentur
1662 1552 1872 1613 Spartani,

264 1617 420 1678 Gorgo
445 1618 694 1665 Cleomenis
728 1617 815 1668 filia
847 1619 907 1663 est
944 1618 1139 1666 assecuta.
1185 1618 1333 1664 similis
1366 1618 1597 1667 Ammiani
1631 1619 1872 1666 Marcellini

263 1684 454 1729 aestuatio
469 1685 512 1728 in
533 1684 723 1746 Procopii
735 1684 865 1730 literis
877 1685 1175 1747 intelligendis,
1185 1698 1232 1731 ut
1243 1685 1328 1746 ipse
1338 1699 1478 1731 narrat
1489 1685 1597 1731 libro
1609 1702 1663 1731 xv
1677 1703 1689 1730 1
1709 1703 1722 1730 1
1743 1703 1777 1733 1.

329 1749 398 1799 Εἷς
412 1745 549 1808 cpopZ'a
562 1747 697 1799 ἢᾶλλα.
709 1747 835 1797 σκόῦη
851 1747 1044 1807 ὠεζλὴἳη
1058 1749 1255 1805 &brionii
1268 1748 1363 1796 ἄλλο
1377 1771 1411 1796 τι
1425 1748 1566 1812 ἕρφ’μοι
1580 1747 1623 1795 ’τό
1637 1750 1744 1811 warin
1756 1750 1871 1806 Εμε.

260 1812 368 1870 ,φέθω
381 1813 683 1866 &mamb-1772.
702 1818 870 1863 Primus
885 1818 955 1864 hic
968 1820 1027 1863 est
1042 1819 1196 1865 modus
1207 1820 1421 1869 AEneae,ad
1436 1821 1647 1865 rationem
1663 1819 1870 1869 scribendi

260 1879 369 1943 perti
375 1884 584 1932 nenssane
599 1885 1017 1948 ingeniosiffimus,&
1036 1886 1175 1932 nostra
1188 1902 1363 1949 quoque
1374 1899 1496 1932 aetate
1507 1902 1596 1931 non
1610 1886 1739 1933 semel
1752 1886 1870 1933 usur·

259 1963 394 2012 patus.
427 1952 674 1998 Artificium
691 1952 896 1999 scribendi
915 1953 960 1999 in
971 1970 1022 1998 eo
1035 1956 1239 2014 positum,
1250 1968 1299 2000 ut
1311 1953 1439 1999 literae
1453 1954 1574 1999 utiles
1583 1954 1793 2015 propofito
1804 1970 1869 2000 ar-

261 2032 478 2081 gumento
491 2019 758 2071 declarando,
770 2020 859 2065 aliis
871 2019 1062 2082 pluribus
1072 2031 1140 2082 atq
1147 2037 1200 2066 ue
1213 2021 1261 2066 iis
1273 2020 1494 2066 inutilibus
1507 2036 1627 2082 perm
1636 2024 1731 2067 ixtae
1744 2034 1867 2068 caete·

261 2101 330 2132 ros
338 2102 488 2133 omnes
501 2086 646 2133 fallant
658 2100 805 2148 praeter
823 2082 858 2133 ἓ
872 2082 1069 2140 nium&
1083 2090 1125 2133 δε
1138 2083 1173 2134 J}
1188 2085 1432 2141 πτμπέμειον
1447 2118 1458 2137 ‚
1473 2088 1584 2133 inter
1595 2104 1701 2149 quos
1713 2088 1764 2133 de
1787 2087 1868 2134 hac

262 2152 428 2199 ratione
437 2154 643 2200 scribendi
658 2155 876 2202 convenit.
911 2154 1037 2200 Modi
1053 2154 1177 2214 hujus
1200 2154 1402 2200 sexcentae
1426 2154 1530 2200 ideae
1555 2154 1661 2216 fingi
1675 2156 1865 2216 poffunt:

261 2235 367 2265 nam
383 2221 449 2266 vel
463 2222 507 2267 in
522 2221 632 2269 libro
643 2221 789 2285 aliquo
801 2222 938 2268 notari
952 2221 1080 2267 literae
1100 2222 1271 2282 possunt
1287 2254 1299 2272 ,
1323 2222 1380 2268 ita
1404 2235 1451 2267 ut
1465 2221 1572 2267 nihil
1593 2221 1679 2283 ipse
1699 2222 1863 2268 scribas:

260 2287 327 2332 vel
341 2287 385 2333 in
398 2289 574 2350 epistola
583 2304 717 2353 quam
733 2289 786 2334 de
801 2288 889 2334 aliis
900 2288 1021 2334 rebus
1035 2288 1118 2349 ipse
1132 2289 1350 2350 scripseris:
1368 2305 1500 2350 quem
1517 2288 1703 2334 modum
1717 2301 1865 2335 utrun-

259 2369 347 2417 que
359 2356 500 2419 tangit
515 2372 667 2403 AEneas.
701 2357 825 2406 item,
840 2356 969 2402 literae
983 2355 1120 2405 utiles,
1131 2356 1183 2401 ab
1195 2355 1415 2403 inutilibus
1434 2368 1506 2402 aut
1526 2355 1687 2401 ratione
1700 2355 1864 2418 figurae,

258 2432 336 2467 aut
347 2423 583 2482 adjectione
610 2424 661 2470 ad
686 2423 889 2488 figuram,
910 2435 983 2468 aut
995 2423 1273 2473 detraffione,
1294 2436 1367 2468 aut
1380 2423 1520 2484 aliqua
1529 2421 1607 2468 alia
1621 2421 1866 2467 innovatio-

259 2504 314 2534 ne
325 2487 531 2552 distingui
551 2502 721 2554 queant.
756 2501 953 2552 praeterea
969 2489 1085 2536 locus
1109 2490 1186 2535 illis
1207 2491 1318 2536 varie
1331 2491 1466 2551 potest
1485 2487 1702 2551 assignari:
1731 2500 1864 2550 atque

258 2570 319 2603 eae
333 2555 397 2600 vel
411 2556 586 2619 fingulae
598 2557 643 2603 in
654 2574 742 2604 uno
756 2555 876 2605 versu
891 2570 964 2603 aut
976 2556 1130 2619 pagina
1142 2558 1250 2618 capi,
1273 2556 1336 2602 vel
1348 2555 1498 2617 plures,
1513 2555 1577 2599 vel
1589 2555 1718 2600 etiam
1737 2555 1861 2602 verba
1935 2591 1937 2599 Α

258 2622 425 2682 integra
448 2622 579 2686 seligi,
650 2641 790 2671 AEneas
813 2623 923 2670 inter
936 2624 1058 2670 utiles
1071 2625 1205 2670 literas
1223 2622 1447 2671 &inutiles
1466 2621 1695 2669 discrimen
1716 2623 1860 2668 statuit

259 2684 501 2740 e’mszfnak,
514 2690 556 2736 id
569 2691 629 2738 est
640 2692 806 2753 pundtis
818 2691 988 2753 adjeitis
999 2692 1050 2737 ad
1060 2691 1304 2755 legitimam
1317 2689 1589 2750 scriptionem
1598 2721 1608 2740 ‚
1621 2689 1705 2734 hoc
1715 2690 1855 2750 pasto,

258 2757 290 2812 ai
340 2756 371 2812 ἔ
388 2788 433 2823 γ.
469 2767 642 2828 possunt
654 2769 786 2815 etiam
812 2768 921 2815 intra
934 2768 1099 2814 literam
1117 2769 1273 2830 pumsta
1293 2767 1430 2816 notari
1449 2799 1460 2817 ,
1482 2766 1547 2811 vel
1562 2766 1669 2812 infra
1685 2797 1695 2814 ‚
1719 2764 1850 2811 autad

1936 2540 1938 2587 f

1945 2504 1950 2569 l

1944 2606 1949 2648 i

1942 2686 1971 2742 ς.

1940 2749 1971 2837 l?

253 2834 399 2882 latera.
433 2834 660 2896 prudenter
670 2836 770 2882 vero
785 2848 935 2882 monet
949 2851 1102 2886 Aeneas,
1117 2835 1189 2881 has
1200 2845 1317 2880 notas
1328 2838 1370 2881 &
1386 2828 1586 2887 ἕπιςτῼιοιέ
1598 2831 1763 2878 subtiles
1780 2831 1856 2875 ad·
1930 2845 1948 2885 ζ-

257 2902 444 2966 modum
459 2901 541 2946 effe
554 2902 722 2953 debere,
734 2905 776 2950 &
789 2919 885 2966 quae
899 2902 1021 2948 facile
1032 2902 1163 2948 etiarn
1180 2901 1364 2948 curiosos
1372 2901 1516 2948 oculos
1531 2899 1708 2962 fugiant.
1721 2896 1851 2954 Quod

256 2969 373 3035 aitin
386 2983 512 3028 onera
529 2972 840 3035 jumentorum,
854 2983 930 3018 aut
950 2968 1039 3016 alia
1059 2969 1184 3032 vasa,
1199 2969 1311 3018 liber
1326 2967 1587 3032 estinjestm,
1602 2967 1652 3013 ad
1673 2964 1847 3024 scripto-

543 3041 547 3046 ’
1747 3043 1843 3075 rum

1942 2910 1947 2942 l

1924 3106 1927 3126 l

1924 3162 1926 3197 ἰ

1923 3206 1937 3247 ῑῑ

1922 3247 1941 3265 μ’

1921 3323 1924 3351 l

1920 3374 1923 3393 ι

1919 3404 1922 3478 ἒ
