1971 3495
275 118 399 181 *73²0
583 89 1624 160 1SAAC1CASAU130'N1

260 199 405 263 idjam
418 196 685 260 propositum
699 205 790 240 non
803 204 891 238 erat
906 208 917 237 :
942 206 1079 254 quem
1096 187 1222 236 initio
1236 186 1484 233 dicebamus
1496 215 1508 232 .
1528 185 1658 233 titulo
1671 183 1800 233 libelli
1814 184 1876 237 sui

263 281 315 312 ea
327 267 412 313 sola
423 265 506 310 efl'e
529 263 775 326 pollicitum
794 293 806 312 ,
826 275 923 322 quae
934 258 985 304 ad
999 257 1291 303 defenfionem
1307 252 1422 300 urbis
1434 253 1530 300 sunt
1541 251 1679 299 utilia.

332 329 649 385 Ammasnqu
665 324 746 388 ἷξόν
759 321 818 386 τῷ
827 324 955 385 ΠένἹῳ
967 326 998 385 .)
1037 323 1274 386 Apolloniae
1286 321 1396 367 olim
1411 320 1559 366 multae
1572 350 1584 369 ‚
1609 319 1706 365 ideo
1718 326 1884 383 cogno&

263 399 459 446 minibus
471 398 699 444 distinstae.
735 393 828 441 haec
843 393 911 439 illa
923 392 983 437 est
998 423 1010 440 ‚
1031 391 1084 436 de
1105 406 1191 454 qua
1205 388 1357 435 Strabo
1379 387 1494 433 libro
1512 385 1701 447 septimo
1715 417 1726 435 ‚
1746 396 1883 449 quam

264 465 509 512 Aristoteles
523 462 700 527 appellat
712 461 971 506 Ammasu'ow
996 456 1028 502 4¹
1043 456 1087 503 clv
1099 453 1158 502 πιῒ
1168 452 1337 515 Ευξείνᾳ)
1350 452 1494 515 ΠόνἹῳ.
1529 453 1575 498 in
1586 452 1788 498 laterculo
1811 468 1884 499 ur-

263 532 393 580 bium
407 549 459 578 eo
471 533 651 578 nomine
666 529 878 575 didiarum
892 526 1004 588 apud
1017 525 1289 586 Stephanum
1303 524 1371 568 De
1385 520 1561 567 urbibus
1573 550 1586 570 ,
1608 519 1685 564 ista
1699 518 1885 566 recensess-

265 610 339 648 tur
348 599 499 646 ordine
515 603 606 646 XX
617 599 668 644 [I.
685 595 863 657 antiqua
878 593 962 640 fuit
977 592 1249 639 Milefiorum
1262 588 1446 638 colonia,
1463 587 1562 634 urbs
1575 586 1797 649 quondam
1815 602 1889 647 po-

265 675 387 723 tens5
409 665 480 712 sed
493 682 590 729 quae
605 679 677 726 per
687 663 854 710 civium
878 658 1149 706 dissensiones
1173 656 1332 704 multas
1351 657 1535 701 fortunae
1563 653 1782 699 varietates
1802 652 1886 700 fui-t

266 745 439 797 experta
453 754 467 788 3
488 745 677 796 quarum
699 728 911 777 meminit:
930 725 1207 790 philosophus
1219 723 1505 771 politicorum
1530 720 1639 767 libro
1653 721 1810 786 quinto
1823 732 1889 768 ca·

268 803 359 867 pite
373 803 499 848 inu&
519 817 587 846 vr.

339 863 664 912 Καιπσκσῦοιπιν
676 860 748 914 wi,
762 860 908 912 πόλεις
922 859 1099 921 κλείεοᾶς
1115 856 1200 906 «ἕω-ὀ
1217 857 1380 918 σφύρας
1394 852 1626 915 uspiam)
1672 854 1889 901 nimirum

272 935 332 983 ita
342 934 505 982 foribus
519 946 650 995 portae
664 931 875 994 appositus
886 941 960 977 aut
981 927 1184 991 appensus
1208 938 1297 972 erat
1319 924 1498 972 malleus
1520 935 1607 967 arte
1622 922 1891 973 mechanica,

270 1015 320 1050 nt
332 1018 435 1049 cum
450 1013 594 1067 patere
608 1000 717 1046 fores
731 996 910 1048 vellent,
936 998 996 1045 vis
1013 997 1122 1043 illius
1139 994 1418 1042 inhiberetur,
1432 994 1473 1038 ὃς
1491 989 1657 1051 pondus
1668 989 1892 1035 sustinere-

271 1076 343 1118 tur
359 1087 369 1115 :
395 1087 499 1118 cum
514 1080 659 1116 autem
676 1063 923 1114 claudendae
936 1070 1069 1127 portae
1082 1062 1240 1112 essent,
1261 1059 1438 1106 malleus
1450 1057 1660 1104 laxaretur
1675 1089 1685 1105 ,
1710 1057 1785 1118 qui
1801 1065 1898 1103 toto'

272 1137 460 1201 pondere
474 1139 634 1183 irruens
647 1135 691 1180 in
707 1134 816 1179 fores
832 1164 844 1182 ,
871 1147 975 1178 cum
994 1131 1135 1178 sonitu
1153 1145 1218 1174 eas
1233 1126 1481 1189 impellebat
1498 1159 1509 1177 ‚
1540 1126 1583 1170 &
1599 1136 1765 1185 portam
1782 1123 1899 1170 clau'·

273 1205 415 1252 debat.
450 1201 629 1251 Diversa
641 1201 725 1249 fuit
735 1199 846 1245 ratio
859 1200 1093 1248 cataraffiae,
1110 1193 1163 1242 de
1176 1211 1263 1259 qua
1280 1193 1457 1240 inferius
1470 1191 1607 1252 capite
1624 1207 1795 1236 xxxix.

345 1270 466 1317 oiim
477 1267 718 1328 μεράλοωπ
731 1270 769 1330 ’ς
795 1260 1083 1322 σεπῶιρωμέιμοι
1109 1259 1240 1312 mlv&
1263 1257 1553 1320 πὶκλεῖῖμι.)
1605 1257 1708 1302 adei)
1736 1271 1899 1320 magne

274 1337 375 1403 ipsae
391 1354 512 1388 erant
530 1370 544 1389 ,
571 1348 628 1384 (Ψ
647 1338 790 1382 omnia
805 1332 989 1395 claustra
1007 1331 1214 1392 ferrata.-
1240 1341 1481 1390 utrumque
1505 1323 1615 1373 valet
1629 1324 1681 1369 ad
1696 1323 1785 1370 soni
1802 1339 1899 1370 ma-

274 1407 556 1472 gnitudinem
571 1400 895 1452 intendendam.
931 1402 1006 1447 Ait
1021 1433 1033 1452 ,
1051 1394 1260 1454 μεγέλοα,
1273 1410 1432 1456 nempe
1445 1394 1606 1438 πύλαι,
1642 1391 1685 1436 id
1697 1392 1757 1437 est
1772 1391 1899 1442 fores,

278 1486 369 1523 non
382 1487 530 1522 autem
547 1484 679 1534 porta.
714 1467 787 1516 sed
800 1468 939 1514 Graeci
956 1502 968 1519 ‚
993 1468 1127 1512 πυλῶν
1147 1461 1431 1526 appellatione
1453 1472 1545 1507 tam
1559 1458 1664 1504 illud
1689 1458 1813 1505 inane
1836 1457 1903 1505 in'-

278 1542 481 1605 telligunt
493 1539 610 1604 quod
625 1537 790 1602 pervios
812 1551 960 1582 muros
984 1534 1088 1581 facit
1103 1565 1116 1584 ,
1137 1530 1273 1595 quam
1289 1529 1422 1579 fores,
1444 1543 1542 1591 quae
1555 1525 1682 1572 inane
1698 1525 1801 1572 illud
1825 1530 1902 1585 op-

278 1609 410 1672 plent.
446 1608 600 1654 malim
616 1618 764 1653 tamen
777 1602 902 1651 scribi
916 1600 1088 1658 μεγάλαι
1104 1631 1117 1651 ,
1137 1612 1186 1645 ut
1204 1599 1412 1645 referatur
1422 1597 1473 1642 ad
1486 1588 1672 1651 κλεῖθρα.
1708 1592 1904 1655 alioquin

281 1674 474 1732 aspolam
487 1674 675 1737 pofitum
691 1671 822 1718 fuerit
835 1686 912 1732 pro
930 1671 1128 1732 ταχεῖαι.
1164 1682 1268 1727 nam
1284 1663 1337 1711 ad
1363 1663 1525 1710 forium
1541 1659 1896 1723 magnitudinem

282 1742 394 1789 nihil
407 1742 503 1788 addi
527 1741 664 1803 potest
682 1760 695 1795 3
720 1739 773 1785 ad
799 1736 1119 1785 craffitudinem
1146 1733 1406 1795 plurimum.
1441 1732 1596 1792 Qm
1625 1737 1768 1773 autem
1797 1720 1905 1777 στδὶῑὲ

283 1806 450 1871 ρέζῖιιι
464 1809 516 1855 de
530 1809 579 1855 iis
592 1809 774 1857 dicatur,
787 1821 884 1868 quae
896 1804 1031 1850 ferrea
1040 1817 1129 1848 non
1140 1800 1253 1850 sunt,-
1267 1799 1336 1846 sed
1351 1798 1464 1844 ferro
1477 1795 1737 1842 muniuntur
1747 1826 1758 1844 ,
1775 1807 1823 1839 ut
1839 1793 1910 1839 su-

284 1892 360 1939 pra
372 1875 704 1938 exponebamus,
718 1871 1001 1937 cogitandum
1017 1868 1124 1933 quid
1135 1868 1212 1914 fibi
1224 1869 1376 1913 AEneas
1389 1864 1506 1912 velit,
1520 1878 1624 1909 cum
1637 1860 1744 1907 dicit
1755 1860 1908 1907 omnia·

284 1943 462 1990 claustra
477 1937 786 2002 πστδὶρῶζῖκι.
819 1954 962 2000 neque
975 1952 1096 1983 emm
1109 1934 1316 1981 omnibus
1329 1933 1612 1980 claustrorum
1626 1928 1814 1990 partibus
1828 1958 1839 1977 ,
1865 1925 1910 1972 id

285 2010 404 2058 verbi
419 2010 650 2063 convenit,
676 2007 744 2055 sed
758 2018 932 2055 tantum
951 2003 1063 2052 veiti
1081 2034 1093 2055 ,
1116 2007 1159 2051 &
1174 2003 1207 2050 fi
1231 2000 1338 2067 quid
1360 1999 1475 2046 aliud
1489 1997 1574 2044 fuit
1588 1997 1786 2061 ligneum
1800 1996 1911 2041 inter

285 2089 421 2141 partes
430 2077 729 2124 claustrorum.

355 2141 442 2190 Επὶ
451 2144 508 2189 τὰ
524 2140 724 2201 <pumina
738 2136 1043 2205 ψπ-ξμψοιι.)
1082 2137 1167 2184 hoc
1181 2136 1243 2182 est
1255 2167 1267 2187 ‚
1285 2132 1351 2182 δὶῗ
1360 2129 1640 2197 λζριπέμψοιι.
1679 2132 1722 2178 &
1737 2118 1911 2176 fortasi‘e'

287 2210 352 2260 ita
362 2210 592 2273 scripserat.

316 2337 318 2339 Ι
357 2278 428 2325 Ad
450 2294 540 2340 cap.
567 2292 642 2324 21.
688 2278 798 2339 Qae
818 2274 1061 2337 supererant
1085 2272 1138 2318 de
1161 2270 1377 2333 proposito
1400 2273 1661 2331 argumento
1686 2261 1841 2310 dividit
1863 2260 1909 2306 ir'i

290 2345 379 2393 duo
393 2346 531 2408 capita
546 2364 558 2399 3
584 2344 684 2390 alibi
697 2342 1052 2405 explicandorum
1064 2374 1073 2390 ‚
1087 2356 1184 2402 quae
1199 2338 1296 2384 heic
1309 2335 1348 2383 se
1364 2333 1745 2397 praetermissurum
1762 2329 1821 2373 ait
1841 2344 1849 2371 :
1867 2329 1912 2373 ὅτ.
1970 2324 1971 2346 ³

291 2413 488 2474 deinceps
499 2411 854 2476 explicandorum
876 2429 889 2463 ;
911 2425 1010 2472 quae
1031 2406 1117 2469 ipsa
1142 2418 1293 2452 tamen
1316 2419 1371 2449 eo
1393 2402 1562 2448 brevius
1586 2399 1626 2444 se
1650 2396 1748 2441 heic
1760 2395 1913 2441 tusta-

291 2490 441 2526 turum
456 2479 642 2526 ostendit
657 2511 669 2530 ,
693 2477 854 2541 quiain
865 2473 1203 2524 Commentario·
1226 2472 1279 2517 de
1303 2485 1349 2516 re
1372 2466 1565 2516 castrensi
1591 2462 1759 2510 uberius
1777 2462 1830 2507 de
1843 2459 1915 2507 iis-¹

290 2547 397 2593 dem
411 2547 475 2594 vel
482 2547 577 2606 jam
592 2545 822 2608 scripserat,
837 2544 903 2591 vel
913 2554 1001 2589 erat
1013 2542 1253 2602 scripturus.

364 2610 475 2666 Περὶ
489 2607 938 2673 δὰςμένωνσκώοισ-ίοις
953 2617 1000 2670 ,)
1031 2625 1106 2671 per
1118 2604 1274 2669 ἅξμενιι
1296 2601 1490 2664 intelligo
1513 2596 1635 2650 heic,
1659 2612 1747 2642 non
1772 2594 1915 2641 solum

294 2669 395 2727 belli
420 2681 704 2726 instrumenta
734 2676 1024 2724 defensoribus
1046 2672 1272 2721 necessaria
1297 2690 1309 2724 3
1344 2668 1414 2715 sed
1440 2669 1575 2712 etiam
1603 2680 1706 2728 quas
1737 2657 1917 2724 appellati
1968 2665 1971 2706 ἓ

298 2746 507 2811 *Vegetius
526 2741 680 2811 species
702 2758 780 2809 pro
797 2744 1038 2804 defensz'on'e
1063 2755 1278 2788 murorum
1305 2734 1609 2798 praeparandas
1632 2752 1645 2785 3
1667 2727 1913 2784 cuiusmodi

298 2815 414 2866 sunt,
426 2814 645 2864 bitumen,
659 2812 851 2873 sulphur,
865 2810 940 2871 pix
952 2810 1115 2871 liquida
1130 2840 1141 2858 ‚
1163 2810 1207 2853 δε
1219 2804 1297 2850 alia
1310 2819 1407 2866 quae
1421 2802 1473 2847 ab
1486 2800 1641 2846 eodem
1658 2799 1917 2844 enumerari-

298 2895 371 2929 tur
382 2882 519 2944 capite
534 2896 640 2927 vm.
660 2878 755 2925 libri
776 2877 935 2941 quarti.
972 2875 1097 2921 Philo
1120 2875 1164 2919 in
1179 2870 1457 2917 Poliorcetico
1480 2867 1555 2914 suo
1581 2867 1655 2912 has
1677 2863 1831 2926 species
1849 2876 1918 2906 re·

298 2948 444 3002 censet
458 2966 473 2997 ι·
491 2948 657 2996 ferrum
674 2979 690 3003 ‚
708 2961 762 2994 aes
774 2975 788 2998 ,
809 2944 956 2992 lateres
970 2961 986 2996 ,·
1002 2941 1098 2990 saxa
1114 2972 1128 2995 ,
1149 2938 1373 3004 cophinos,
1386 2937 1566 3001 ligones,
1577 2949 1708 2984 amas,
1720 2929 1925 2994 plaustr-zu
1966 2937 1969 2948 ¹

1741 2997 1927 3051 secui-esf

1965 3106 1968 3144 ὁ
