1971 3495
283 118 302 149 ι
313 117 408 164 550
872 86 905 138 P
940 89 985 137 Ο
1019 92 1057 136 L
1088 84 1132 136 Y
1165 84 1201 136 B
1233 85 1257 136 Ῐ
1285 81 1310 135 i

276 178 464 241 Polybio
478 175 653 221 auctore
668 170 874 235 trajecisse
888 169 1034 217 secum
1050 171 1226 233 Regem
1238 167 1285 213 in
1297 165 1532 220 Graeciam,
1545 166 1800 236 scripsimus,
1814 166 1918 216 exi-1
1949 168 1963 250 'l

277 261 386 309 guus
399 257 626 291 numerus.
1952 257 1962 315 ἕ.)

671 310 802 366 EX
840 306 1143 363 LIBRO
1201 303 1533 358 XXXIX.
1952 315 1971 399 ξι

356 445 442 491 Hic
456 444 554 491 vitae
565 441 703 490 exitus
715 441 800 488 fuit
815 439 1084 488 Hannibalis.
1120 437 1375 501 Scipionem
1398 439 1443 484 ὃς
1455 434 1659 500 Polybius
1669 437 1712 484 &
1724 435 1917 484 Rutilius
1951 415 1971 479 ις’

287 513 371 560 hoc
385 528 499 559 anno
516 522 747 558 mortuum
765 509 968 556 scribunt.
1952 507 1957 529 ³

750 634 882 690 EX
921 631 1224 687 LIBRO
1276 629 1479 685 XLV.

358 772 464 816 Haec
476 769 529 815 de
544 768 687 817 Prusia
708 767 839 814 nostri
863 765 1100 829 scriptores.
1148 762 1351 827 Polybius
1370 777 1475 809 eum
1499 776 1652 825 regem
1679 759 1911 825 indignum
1969 779 1971 808 ι

288 839 511 901 majestate
525 836 718 884 nominis
730 834 838 881 tanti
852 834 997 880 tradit:
1013 832 1220 895 pileatum
1236 862 1248 882 ‚
1265 831 1403 892 capite
1413 828 1522 880 raso,
1535 828 1715 876 obviam
1729 828 1790 874 ire
1805 828 1917 892 lega.
1958 848 1961 870 ι

285 906 339 953 tis
351 905 554 955 solitum,
578 904 875 965 libertumque
889 900 930 947 se
942 903 1046 962 Pop.
1060 901 1197 945 Rom.
1217 897 1359 963 ferre5
1386 897 1544 944 &ideo
1567 896 1749 960 insignia
1760 896 1919 950 ordinis
1951 913 1971 955 ᾖς·

285 974 374 1034 ejus
383 988 541 1036 gerere.
581 974 742 1017 Romae
757 985 934 1032 quoque
948 966 1053 1016 cum
1070 965 1247 1013 venisset
1261 965 1306 1012 in
1316 964 1498 1012 Curiam
1516 964 1781 1011 summisiffe
1793 963 1857 1015 se,
1871 966 1915 1012 St

282 1040 429 1086 osculo
445 1039 583 1085 limen
597 1038 725 1085 curiae
742 1035 969 1100 contigisse
985 1053 995 1081 ι
1012 1039 1056 1084 &
1069 1034 1169 1082 deos
1189 1032 1418 1080 servatores
1440 1031 1537 1079 suos
1550 1035 1761 1078 Senatum
1776 1029 1920 1093 appel.-
1957 1042 1961 1094 ξ

285 1108 402 1152 laffe:
420 1107 639 1170 aliamque
660 1105 911 1152 orationem
934 1116 1131 1151 nontam
1146 1100 1439 1148 honorificam
1465 1099 1762 1151 audientibus,
1784 1097 1919 1164 quam
1953 1089 1963 1160 ¹5

292 1174 370 1220 fibi
384 1175 631 1222 deformem
647 1172 858 1220 habuisse.

516 1298 634 1353 EX
669 1297 987 1357 VELLEI
1024 1295 1272 1350 LIBRO
1307 1288 1685 1352 ,POSTERL

365 1431 533 1477 Diversi
548 1430 878 1493 imperatoribus
903 1446 1044 1477 mores
1059 1461 1071 1481 ,
1094 1427 1258 1475 diversa
1273 1426 1390 1473 fuere
1412 1423 1549 1472 studia
1568 1440 1578 1470 ε
1607 1422 1769 1489 quippe
1782 1422 1926 1486 Scipio
1954 1473 1961 1485 Η

291 1509 384 1550 tam
399 1498 825 1562 elegansliberalium
850 1498 1091 1544 studiorum
1112 1529 1125 1548 ‚
1149 1494 1383 1558 omnisque
1397 1492 1605 1539 dostrinae
1623 1495 1665 1539 &
1677 1492 1827 1537 audior
1844 1524 1857 1542 ‚
1878 1492 1922 1538 &

293 1566 529 1612 admirator
541 1566 642 1617 fuit,
657 1580 705 1613 ut
719 1565 969 1628 Polybium,
987 1563 1316 1626 Panaetiumque
1331 1558 1799 1624 praecellentesingenio
1812 1557 1924 1606 viros
1951 1569 1955 1612 ι

294 1634 421 1688 domi
438 1633 695 1697 militiaeque
706 1632 855 1679 secum
871 1632 1079 1679 habuerit.
1952 1646 1954 1649 ⁴

505 1763 618 1827 EX
663 1765 923 1819 PLINII
969 1762 1193 1819 LIBRO
1242 1762 1366 1816 III.
1423 1761 1590 1814 CAP.
1645 1755 1700 1815 V.

365 1901 491 1948 Ultra
502 1900 697 1951 Siciliam
711 1900 763 1950 ad
776 1900 1015 1948 Salentinos
1025 1932 1038 1952 ,
1063 1897 1309 1948 Ausonium
1321 1913 1443 1946 mare
1459 1895 1661 1961 Polybius
1673 1897 1864 1961 appellat.

593 2033 705 2089 EX
755 2032 980 2093 LIBRO
1032 2036 1125 2090 IV.
1177 2030 1345 2089 CAP.
1400 2030 1610 2087 XXII.

367 2173 418 2217 Iu
433 2170 523 2233 ipso
538 2169 640 2218 vero
651 2171 789 2233 capite
801 2170 982 2222 Baeticae,
996 2170 1049 2217 ab
1060 2169 1170 2217 ostio
1181 2169 1279 2217 freti
1294 2170 1393 2232 pass.
1411 2185 1556 2217 Lxxv.
1574 2182 1627 2215 Μ.
1642 2167 1789 2219 Gadis,
1799 2165 1920 2231 longa

300 2251 349 2286 ut
363 2238 719 2302 Polybiusscribit
732 2270 746 2291 ‚
769 2255 854 2286 xii.
879 2254 931 2286 M.
953 2239 1054 2301 pass.
1076 2238 1159 2285 lata
1172 2268 1185 2289 ,
1215 2254 1288 2284 111.
1311 2253 1365 2284 M.
1951 2235 1954 2262 ³

839 2363 1045 2417 CAP.
1111 2361 1390 2416 XXIII.

371 2496 571 2560 Polybius
584 2495 861 2542 latitudinem
878 2498 1057 2559 Europae
1081 2495 1134 2542 ab
1159 2495 1281 2542 Italia
1300 2493 1350 2541 ad
1365 2496 1595 2541 Oceanum
1617 2492 1778 2556 scripfit
1791 2488 1915 2539 unde·

299 2563 381 2635 cies
394 2577 572 2610 centena
588 2563 707 2608 mille
721 2565 1042 2627 quinquaginta
1054 2564 1157 2619 esse3
1172 2563 1410 2611 etiamtum
1422 2562 1692 2624 incomperta
1706 2558 1915 2627 magnitu-

303 2631 402 2676 dme
415 2633 519 2693 ejus.
556 2631 646 2678 alia
660 2631 799 2684 Ιεὲἶὶο,
817 2632 944 2680 vicies
957 2643 1149 2680 centena.

647 2757 776 2809 EX
819 2758 1122 2810 LIBRO
1171 2759 1238 2813 V.
1287 2755 1493 2810 CAP.
1542 2757 1587 2809 J.

366 2891 498 2934 Fuere
511 2891 554 2936 &
568 2887 791 2936 Hannonis
804 2888 1214 2956 Carthaginensium
1237 2889 1356 2936 ducis
1369 2886 1690 2935 Commentarii
1712 2919 1724 2939 ,
1752 2878 1907 2930 Punicis

296 2955 421 3005 rebus
435 2956 744 3005 florentiffimis
756 2959 972 3020 explorare
985 2957 1209 3006 ambitum
1222 2957 1380 3005 Africae
1393 2956 1494 3021 jussi
1513 2974 1521 3001 t
1539 2971 1674 3021 quem
1689 2945 1903 3021 stcutiple·

1787 3024 1906 3079 ‚nque
