1971 3495
283 98 405 154 ⁸790
566 75 1621 127 lsAAcicAsAussoN1

278 171 553 233 nophontem
570 199 583 218 ‚
611 166 656 213 in
682 167 830 228 primo
853 170 893 212 &
908 164 1097 212 secundo
1112 158 1384 213 Ανοιῖάσ-εως,
1408 160 1481 207 ubi
1496 163 1604 209 Glus
1621 174 1810 212 vocatur.
1838 164 1913 219 alii

279 240 384 284 Glos
398 235 597 285 efferunt,
610 247 659 280 ut
672 236 893 298 Polyaenus
907 232 1018 279 libro
1032 230 1231 292 septimo.
1260 246 1350 292 quo
1361 229 1457 275 loco
1471 245 1519 274 ea
1529 245 1749 278 narrantur
1761 235 1813 279 de
1826 233 1911 280 hoc

280 303 417 353 Persa,
429 319 527 366 quae
541 303 594 348 ab
606 301 693 347 istis
706 304 850 346 AEneae
863 316 950 347 non
962 300 1085 362 plane
1099 299 1196 346 sunt
1211 296 1361 342 aliena.
1397 296 1522 342 Olim
1539 314 1639 343 cum
1658 300 1912 363 Polyaenum

279 371 514 417 edebamus
526 401 538 421 ,
563 368 772 430 imposuit
786 369 908 414 nobis
920 372 1145 430 depravata
1156 366 1269 427 apud
1283 365 1533 413 Diodorum
1549 365 1746 412 Siculum
1765 369 1914 422 leerio,

281 433 401 488 Γοιὼς
413 469 424 489 ,
440 453 574 501 quarn
591 436 841 499 putavimus
854 436 965 495 apud
980 436 1234 484 Polvaenum
1251 432 1561 478 restituendam
1573 467 1583 477 .
1622 435 1742 494 atqui
1759 452 1912 482 verum

280 500 370 567 ejus
397 503 598 552 navarchi
626 519 792 549 nomen
814 503 899 549 fuit
924 503 1039 553 Γλές
1058 495 1137 549 'aut
1152 502 1268 549 Γλῶς
1286 534 1298 552 ,
1319 513 1367 545 ut
1380 516 1534 546 omnes
1560 500 1746 563 Polyaeni
1772 517 1917 558 mem-

281 572 424 627 branae
437 571 614 620 habent.
649 573 791 618 Locus
804 571 986 618 Diodori
1003 571 1012 614 i
1019 587 1047 615 n
1062 567 1329 633 Olympiade
1345 584 1501 614 xcviii
1518 578 1577 613 ita
1602 566 1733 612 habet
1745 599 1757 617 ,
1782 572 1918 616 etiam

283 639 331 685 in
354 639 586 686 novissima
608 638 686 684 viri
701 639 858 687 eruditi
882 640 1087 685 editione.
1136 638 1154 681 ὁ
1182 635 1216 680 ‘1⁸
1238 637 1418 684 νωυπκῖς
1445 629 1672 689 δυνάμεως
1699 628 1919 695 ἡίὲμῖμῶυ,

283 703 522 770 2229'3120&
549 703 573 767 ᾗ
597 703 717 751 rusb:
745 709 788 754 δί
812 706 968 753 deinde
984 737 996 755 ‚
1019 702 1075 764 0‘3
1104 699 1260 752 ἕῖςόλε
1288 699 1369 746 vl«)
1393 720 1633 766 νοωαφχιοω
1654 700 1757 763 ἔχων
1782 697 1919 753 Γοιέυς.

283 781 470 837 utroque
485 774 582 820 loco
593 773 866 820 scribendum
884 768 999 820 ΓΛὼς
1012 805 1025 824 ,
1037 776 1076 820 ὃ(
1095 772 1152 817 ita
1166 771 1343 830 sempera
1707 772 1710 775 '

352 841 453 886 Em}
465 841 525 898 ἐχ
538 837 608 886 οἷόν
624 859 669 884 τε
685 834 737 884 lw³
749 836 1015 896 κὲωυμνήμοιόι
1031 837 1074 885 εἶν
1087 835 1238 898 βιέλίφ
1248 832 1379 896 ε”χονέι
1392 831 1509 901 &Q
1523 836 1705 889 βασιλέα
1727 835 1919 900 εἷο-ιε’νοᾳ.)

284 908 419 955 Nulla
432 909 515 954 fuit
528 908 643 970 apud
658 907 796 955 Persas
819 908 887 965 lex
903 941 916 959 ,
939 925 1037 971 quae
1050 907 1237 954 adituros
1258 905 1310 953 ad
1322 920 1471 967 regem
1500 917 1659 951 vetaret
1672 903 1820 950 caussae
1834 903 1918 950 suae

284 977 627 1022 commentarios
638 976 850 1023 conficere
869 996 881 1029 ς
907 992 1050 1037 neque
1063 974 1150 1021 hoc
1170 974 1276 1020 dieit
1293 975 1461 1017 AEneas:
1479 970 1549 1029 sed
1567 974 1627 1019 uti
1645 971 1825 1034 potuiffe
1843 987 1922 1018 ne-

285 1055 376 1107 gat,
388 1045 464 1107 qui
479 1043 543 1089 vel
559 1043 755 1091 maxime
769 1042 1066 1089 confecissent:
1082 1043 1214 1089 reete:
1233 1038 1498 1102 impediebat
1510 1040 1631 1085 enim
1648 1039 1705 1086 us
1700 1055 1774 1085 um
1789 1055 1912 1085 corn-

287 1111 511 1168 mentarii‚
529 1127 624 1157 mos
635 1110 748 1157 illius
760 1112 900 1174 gentis
914 1111 999 1156 five
1012 1110 1096 1161 lex,
1111 1126 1209 1174 quae
1225 1108 1334 1165 intra
1345 1106 1632 1170 digitabulum
1652 1123 1805 1152 manus
1817 1122 1925 1153 con-

286 1189 428 1224 tinere
438 1194 508 1225 eos
512 1178 708 1239 jubebat,
722 1180 796 1241 qui
820 1193 970 1240 regem
987 1179 1165 1229 adirent.
1201 1174 1353 1237 capital
1369 1173 1437 1225 eni
1445 1189 1487 1218 m
1507 1174 1549 1219 in
1563 1191 1610 1219 ea
1623 1173 1718 1222 aula
1731 1174 1831 1225 fuit,
1845 1191 1923 1221 co-

290 1261 384 1307 ram
397 1262 497 1308 rege
509 1245 533 1296 ἐς
546 1244 753 1308 :alaeam
768 1241 836 1290 διὰ
852 1244 887 1291 ‘1³
901 1242 1020 1308 zq'gns
1032 1245 1104 1296 πὶς
1119 1246 1280 1308 χεῖςφς,
1292 1254 1340 1290 ut
1352 1241 1546 1306 loquitur
1558 1242 1807 1304 Xenophon
1815 1261 1827 1296 3
1843 1241 1923 1306 qui

289 1313 392 1373 alibi
405 1308 573 1373 χίφίδὶι
587 1314 804 1362 nominat,
819 1328 954 1376 quarn
973 1312 1045 1358 hic
1058 1310 1197 1373 2<9'plw.

361 1383 427 1425 Ad
442 1383 545 1440 Cap.
568 1397 639 1441 32.
675 1380 887 1441 Deinceps
899 1380 1110 1427 docentur
1120 1377 1286 1428 obsessi,
1309 1393 1394 1440 qua
1408 1376 1572 1423 ratione
1587 1375 1698 1422 hosti
1722 1392 1810 1422 non
1827 1378 1923 1438 jam

290 1447 476 1517 procula
491 1447 729 1497 moenibus,
744 1446 811 1493 sed
839 1447 890 1492 ad
915 1447 1098 1496 moenia,
1114 1446 1246 1492 autin
1268 1445 1362 1506 ipfis
1385 1446 1517 1490 etiam
1545 1446 1680 1490 muris
1693 1445 1901 1506 pugnanti
1916 1478 1930 1495 ‚

291 1516 344 1575 fit
358 1514 650 1568 resistendum.
688 1517 840 1561 AEnea’z
858 1514 968 1560 banc
980 1526 1146 1576 partem
1161 1512 1394 1564 obfidionis
1406 1523 1529 1558 vocat
1543 1509 1616 1567 ταῖς
1629 1509 1922 1568 ωῡπιςωγὲς,

290 1582 568 1645 ostenditque
588 1581 754 1629 duobus
779 1582 921 1627 modis
945 1582 1036 1627 fieri
1054 1602 1067 1636 3
1102 1579 1167 1626 vel
1190 1579 1482 1641 μκχωκῆμαα-ι,
1505 1595 1609 1625 cum
1634 1581 1924 1625 admoventur

291 1662 529 1696 tormenta.
555 1662 629 1695 aut
642 1649 732 1695 aliae
753 1648 1013 1697 adhibentur
1039 1660 1146 1694 artes
1159 1648 1210 1692 ad
1235 1645 1581 1708 patefaciendum
1609 1646 1776 1692 aditum
1788 1682 1798 1691 .
1856 1645 1925 1693 vel

295 1716 469 1768 σώμασι,
483 1733 624 1780 quum
643 1717 737 1778 ipfis
749 1716 995 1777 corporibus
1017 1715 1214 1761 militum
1232 1730 1292 1760 res
1303 1714 1483 1777 geritur,
1498 1726 1570 1760 aut
1584 1713 1706 1759 scalas
1718 1712 1926 1760 conscen-

293 1784 493 1831 dentium
511 1817 523 1836 ,
545 1797 619 1831 aut
632 1800 706 1846 per
728 1785 996 1846 dejectorum
1021 1799 1250 1829 murorum
1277 1782 1448 1828 ruinam
1475 1782 1515 1827 vi
1540 1781 1677 1827 facere
1702 1781 1777 1827 fibi
1801 1781 1923 1828 viam

292 1852 546 1908 nitentium.
585 1853 756 1907 πόμοιἹεᾳ
775 1851 873 1899 sunt
887 1852 983 1898 viri.
1022 1850 1330 1897 Machinarum
1346 1849 1555 1895 meminit
1576 1850 1726 1895 auctor
1748 1849 1921 1899 illarum

294 1921 540 1970 dumtaxat,
553 1920 670 1983 quod
689 1919 815 1966 initio
828 1919 1135 1970 monebamuS,
1160 1934 1258 1981 quae
1269 1928 1391 1967 aetate
1406 1917 1531 1979 ipfius
1545 1917 1586 1961 in
1602 1916 1769 1963 Graecia
1791 1916 1924 1980 vulgo

293 2001 415 2033 erant
428 1989 623 2050 cognitae.
664 1990 862 2033 Poteram
870 2005 916 2033 us
928 1988 979 2032 de
989 1986 1198 2049 posterius
1211 1984 1394 2030 inventis
1407 1984 1546 2031 multa
1559 1984 1646 2030 huc
1659 1983 1822 2035 afferre,
1835 1985 1924 2030 exi-

296 2056 390 2100 mia
403 2057 444 2100 &
459 2055 565 2101 scitu
578 2071 667 2102 non
684 2057 829 2102 minus
841 2056 978 2106 utilia,
989 2052 1125 2118 quam
1143 2052 1331 2110 iucunda
1348 2069 1362 2096 :
1376 2068 1530 2099 omnes
1538 2052 1658 2097 enim
1673 2055 1922 2112 Grecorum

292 2121 456 2167 libellos
470 2123 521 2166 de
533 2121 747 2169 machinis
757 2122 932 2173 bellicis,
943 2139 1051 2185 quos
1065 2121 1271 2167 haetenus
1283 2119 1467 2166 nancisci
1480 2120 1718 2182 potuimus,
1738 2120 1925 2183 diligen-

295 2202 360 2235 ter
372 2189 632 2236 excuffimus
646 2208 656 2235 z
675 2189 826 2236 verum
843 2189 884 2235 id
898 2191 999 2235 ess‘et
1013 2187 1370 2236 Commentarios
1391 2187 1540 2234 uberes
1552 2203 1600 2233 ac
1623 2187 1810 2248 prolixos
1818 2189 1922 2234 scri-

294 2257 413 2311 bere,
435 2273 523 2303 non
537 2258 654 2321 quod
667 2257 814 2320 opellae
828 2259 954 2320 hujus
965 2257 1114 2304 titulus
1133 2256 1372 2318 pollicetur,
1393 2254 1538 2301 breves
1550 2257 1700 2302 Notas.

364 2321 646 2385 ngyouywya‘g
659 2325 942 2387 μηχωιιὶμασ-ιν
961 2322 982 2373 ›3'
998 2323 1207 2384 aduam)
1247 2328 1312 2369 lta
1324 2321 1519 2369 soletista
1544 2322 1801 2384 disjungere.
1827 2338 1918 2385 cap.

296 2408 434 2439 xxxvi
456 2409 470 2436 ι
492 2410 502 2436 ι
521 2427 530 2438 .
567 2390 612 2436 όν
638 2388 767 2450 §wag
792 2387 1061 2442 ωεςσςολαῖς
1077 2390 1114 2438 ““τ”
1138 2387 1342 2445 πολεμίων
1362 2388 1467 2450 πρὶς
1483 2388 1525 2434 τὸ
1543 2394 1711 2446 uix&
1725 2390 1918 2452 μηχοωή-

297 2455 447 2513 μαστνῦ
464 2455 633 2508 aduam.
669 2459 902 2522 aliquando
915 2459 1158 2522 conjungit,
1173 2471 1221 2504 ut
1235 2457 1377 2520 paullo
1390 2459 1483 2520 post
1501 2477 1513 2511 ς
1540 2452 1644 2513 πρὶς
1660 2453 1716 2498 τὰ
1740 2452 1918 2512 Amyclam

296 2522 582 2588 μηχαηῆασιζε,
598 2523 663 2582 ἐφ’
679 2522 736 2576 οἷς
752 2524 926 2579 σώματά
943 2545 987 2569 τε
1003 2525 1133 2570 πολλοὶ
1147 2522 1548 2590 ωξ9συίγ3,6βέλη
1564 2523 1605 2580 ἕξ
1617 2524 1747 2567 αὖπῧν
1762 2522 1918 2588 ἁφιέῧ.

291 2592 347 2637 de
362 2593 548 2639 tum'bus
569 2598 610 2646 ὃς
626 2593 841 2640 machinis
858 2592 1169 2643 ambulatoriis,
1193 2608 1292 2656 quae
1314 2591 1422 2637 dum
1437 2590 1725 2636 admoventur
1742 2622 1754 2640 ‚
1779 2591 1915 2638 etiam

292 2660 484 2706 militem
505 2661 631 2706 fimul
645 2661 895 2706 admovent.

363 2722 604 2787 Πξῶπνμέν
619 2728 674 2776 ἐις
689 2726 745 2772 τοὶ
769 2723 1057 2785 όωὲωρόμῖυαι
1080 2725 1300 2785 ὠιπῦργυν
1320 2722 1340 2772 ἓ
1362 2721 1500 2785 isium)
1540 2724 1796 2787 Legendum
1813 2722 1912 2773 Iszz'r.

294 2797 354 2840 Ea
367 2812 449 2840 vox
465 2794 544 2839 isto
558 2793 653 2840 loco
673 2795 809 2855 potest
825 2794 938 2839 varie
949 2795 1104 2855 accipi.
1141 2804 1296 2838 veteres
1315 2792 1435 2837 enim
1464 2793 1508 2837 in
1533 2790 1770 2837 obfidendis
1791 2790 1912 2835 urbi-

291 2862 451 2911 bus,ad
464 2861 657 2907 militem
681 2861 809 2908 suum
824 2861 1128 2911 attollendum,
1150 2871 1199 2906 ut
1222 2860 1358 2905 muris
1383 2858 1611 2905 sublimior
1630 2859 1682 2904 de
1695 2857 1912 2918 superiore

289 2929 387 2977 loco
398 2941 609 2994 pugnaret
623 2945 728 2978 cum
742 2928 865 2983 hoste
881 2948 896 2985 5
919 2927 1151 2993 aliquando
1162 2925 1282 2980 ἱπὺς,
1296 2927 1342 2975 id
1352 2927 1431 2980 est,
1446 2927 1582 2976 malos
1594 2925 1775 3040 navitssm
1789 2923 1913 2969 adhi-

1736 3001 1907 3041 uerunt:
